3109 4859
223 118 317 191 deoc.
337 118 421 191 IIIII.
439 120 561 207 EucycI.
579 138 606 191 d.
627 123 672 191 99.
691 118 857 193 qu.1'88I
875 138 912 192 dc
931 114 1051 193 auctora
1068 123 1131 209 pol.
1148 124 1284 219 imperii.
1322 103 1385 185 247

153 308 346 385 Nostrorum,
370 306 551 389 praesertim
574 308 679 373 autem
700 304 873 373 Clementis
889 307 972 386 Xll,
997 308 1157 374 Benedicti
1180 308 1282 388 xlv,
1310 312 1387 378 Leo·

153 414 201 479 nis
223 413 310 492 XII,
333 412 386 495 qui
408 431 477 477 cum
501 412 755 496 consequentibus
780 414 968 497 temporibus
990 434 1153 497 pravarum
1178 414 1388 481 doctrinarum

112 574 117 580 .
152 518 249 601 pestis
275 515 371 581 latius
399 517 550 599 serperet,
584 522 796 600 sectarumque
828 517 958 582 audacia
992 518 1211 596 invalesceret,
1245 521 1387 603 oppositu
1486 500 1495 514 ²

155 620 351 685 auctoritatis
380 634 453 685 suae
483 619 603 684 aditum
617 615 694 685 'illis
720 620 925 686 intercludere
948 622 1049 687 conati
1072 623 1154 687 sunt.
1178 660 1220 669 —
1243 623 1306 687 Nos
1328 623 1387 705 ipsi

156 723 270 807 pluries
291 722 542 795 denuntiavimus
565 708 661 806 quam
688 724 796 807 grevia
824 724 961 806 pericula
988 724 1201 807 impendeant,
1234 726 1419 809 simulque.

155 828 374 904 iudicauimus,
404 846 488 910 quae
521 826 563 892 sit
596 846 700 891 eorum
724 828 997 911 propulsandorum
1022 828 1102 893 ratio
1125 828 1252 911 optima.
1297 830 1387 894 Prin-

155 930 273 1014 cipibus
302 929 473 1013 ceterisque
501 950 603 995 rerum
626 929 818 1014 publicarum
841 932 1084 997 moderatoribus
1106 932 1292 1015 praesidium
1314 934 1387 998 reli·

155 1035 255 1117 gionis
277 1035 460 1117 obtulimus,
493 1034 678 1117 populosque
701 1034 817 1100 hortati
841 1054 947 1100 sumus
970 1038 1007 1101 ut
1027 1054 1216 1101 summorum
1239 1036 1386 1102 bonorum

154 1139 251 1221 copia,
275 1158 366 1222 quam
394 1138 531 1203 Ecclesia
551 1138 738 1223 suppeditat,
762 1139 892 1203 maxime
906 1140 1075 1205 uterentur.
1105 1138 1141 1203 Id
1156 1158 1237 1205 nunc
1253 1141 1385 1225 agimus,

152 1244 190 1308 ut
211 1244 312 1327 ipsum
334 1235 411 1307 illud
433 1242 631 1326 praesidium,
664 1262 723 1326 quo
745 1244 824 1307 nibil
845 1241 893 1308 est
916 1243 1056 1321 ualidius,
1092 1244 1151 1308 sibi
1174 1264 1278 1309 rursus
1300 1247 1385 1311 obla-

152 1351 221 1413 tum
245 1347 396 1431 principes
417 1346 618 1431 intelligant:
647 1366 757 1430 eosque
784 1346 981 1413 uehementer
1005 1348 1040 1412 in
1063 1348 1192 1414 Domino
1215 1348 1385 1428 hortemur,

152 1451 191 1515 ut
213 1450 393 1534 religionem
415 1451 578 1529 tueantur,
603 1453 653 1529 et,
674 1451 755 1534 quod
775 1437 907 1516 interest
924 1452 1020 1516 etiam
1043 1451 1243 1535 reipublicae,
1266 1472 1304 1517 ea
1326 1454 1386 1517 Ec·

153 1554 280 1618 alesiam
302 1553 446 1619 libertate
467 1554 529 1618 frui
549 1573 635 1637 posse
657 1554 771 1635 sinent,
792 1575 853 1639 qua
872 1555 937 1620 sinc
959 1554 1074 1639 injuria
1095 1556 1127 1620 et
1149 1557 1302 1621 communi
1318 1576 1387 1639 per-

153 1657 234 1722 nicie
256 1656 370 1740 privari
393 1676 451 1723 non
473 1658 583 1745 potest,
615 1660 756 1744 Proiecto
779 1660 919 1725 Ecclesia
942 1658 1058 1725 Christi
1078 1678 1176 1743 neque
1198 1660 1386 1744 principibus

153 1762 256 1845 potest
287 1780 352 1826 esse
386 1763 547 1846 suspecta,
579 1783 676 1847 neque
700 1764 821 1847 populis
842 1764 951 1831 inuisa.
974 1762 1153 1847 Principes
1175 1764 1297 1848 quidem
1318 1766 1387 1848 ipsa

154 1867 259 1930 monet
281 1866 366 1949 sequi
384 1866 557 1949 justitiam,
588 1868 733 1950 nullaque
752 1868 784 1932 in
807 1887 840 1934 re
862 1869 900 1933 ab
926 1868 1027 1934 officio
1047 1868 1217 1933 declinare:
1238 1869 1272 1933 at
1294 1870 1386 1933 simul

154 1989 260 2034 eorum
291 1970 415 2035 roborat
443 1970 611 2054 multisque
635 1972 806 2037 rationibus
828 1971 957 2056 adjuvat
978 1968 1205 2038 aucmritatem.
1251 1971 1335 2052 Quae
1355 1973 1385 2038 in

155 2092 391 2157 generaturum
413 2075 550 2141 civilium
571 2077 742 2157 versantur,
766 2096 802 2141 ea
824 2076 854 2140 in
875 2066 1029 2159 potestate
1044 2094 1243 2159 supremoque
1259 2076 1386 2159 imperio

155 2198 260 2243 eorum
282 2197 346 2245 esse
368 2181 508 2262 agnoscit
531 2182 562 2245 et
584 2180 736 2246 declarat:
752 2181 799 2245 ·in
825 2182 863 2245 iis
884 2200 1012 2263 quorum
1032 2180 1202 2264 judicium,
1234 2180 1389 2253 diuersam

155 2282 231 2348 licet
251 2283 289 2348 ob
312 2302 469 2362 caussam,
501 2284 540 2349 ad
570 2270 689 2350 sacram
720 2284 903 2367 ciuilemque
924 2284 1059 2367 pertinet
1081 2284 1285 2368 potestatem,
1318 2285 1387 2349 vult

126 2452 129 2461 ,
157 2387 284 2451 existere
305 2388 387 2452 iuter
409 2389 569 2471 utramque
593 2388 796 2466 concordiam,
821 2388 908 2471 cujus
930 2388 1077 2453 beneficio
1100 2387 1240 2452 funestae
1262 2388 1384 2470 utrique

156 2492 365 2556 contentiones
387 2491 572 2557 devilentur.
619 2492 668 2555 Ad
690 2492 817 2575 populos
840 2492 919 2574 quod
942 2493 1079 2575 spectat,
1102 2494 1150 2555 est
1172 2491 1309 2556 Ecclesia
1333 2509 1384 2554 sa-

153 2596 214 2660 luti
237 2596 416 2660 cunctorum
440 2596 597 2660 bominum
620 2596 704 2675 nata,
729 2615 839 2679 eosque
862 2616 980 2680 semper
1000 2596 1106 2660 dilexit
1128 2595 1176 2660 uti
1194 2614 1313 2677 parens.
1342 2596 1386 2659 Ea

154 2699 266 2782 quippe
286 2701 342 2777 est,
366 2718 443 2783 quae
463 2699 592 2763 caritate
614 2701 779 2782 praeeunte
801 2700 1067 2765 mansuetudinem
1091 2698 1201 2763 animis
1223 2698 1385 2781 impertiit,

155 2803 381 2868 humanitatem
402 2803 767 2890 moribus,xaequitatem
791 2803 931 2887 legibus:
961 2804 1053 2886 atque
1077 2804 1224 2868 honestae
1247 2803 1385 2868 libertati

154 2907 298 2989 nuspiam
327 2906 454 2972 inimica
477 2904 678 2991 tyrannicum.
693 2907 884 2972 dominatum
908 2926 1028 2990 semper
1049 2906 1198 2971 detestari
1219 2907 1385 2973 consuevit.

156 3010 253 3089 Harro,
277 3029 354 3092 quae
376 3010 471 3075 insita
493 3012 524 3074 in
548 3010 685 3075 Ecclesia
703 3013 763 3089 est,
788 3010 864 3075 bene
886 3009 1022 3075 merendi
1042 3009 1293 3084 cousuetudinem
1309 3028 1386 3093 pau·

156 3112 201 3178 cis
223 3112 379 3195 praeclare
409 3113 556 3196 expressit
586 3116 711 3179 sanctus
734 3113 946 3197 Augustinus:
977 3112 1074 3178 Docet
1104 3111 1269 3197 (Ecclesia)
1300 3134 1387 3195 repes

149 3217 333 3298 prospc'cere
359 3218 504 3299 populis,
537 3237 641 3283 omues
669 3218 803 3300 populos
831 3238 866 3283 ee
896 3216 1026 3283 subolere
1058 3217 1195 3300 rapidus:
1227 3215 1388 3281 osteudens

156 3320 411 3401 quemadmodum
433 3326 462 3387 et
481 3342 542 3387 uou
565 3322 706 3387 omuibus
725 3323 848 3398 omum,
876 3326 905 3385 et
926 3320 1068 3385 omuibus
1088 3321 1228 3397 carues,
1255 3326 1283 3384 er
1303 3320 1387 3385 uuili

157 3422 279 3489 debetur
300 3424 421 3505 iujuriu
444 3422 503 3506 (De
526 3423 633 3488 morib.
658 3422 738 3487 Eccl.
762 3423 818 3491 lib.
840 3424 866 3500 l,
890 3442 956 3507 cap.
977 3424 1042 3508 80).

259 3527 318 3591 His
341 3527 377 3590 dc
401 3526 517 3591 caussis
539 3536 630 3609 opera
652 3529 772 3604 vestra,
797 3526 995 3592 venerabiles
1017 3527 1159 3605 Fratres,
1188 3526 1277 3592 valde
1299 3528 1386 3593 utilis

156 3649 192 3695 ac
214 3631 303 3714 plane
325 3629 470 3696 salutaris
493 3629 598 3699 futura
618 3631 678 3709 est,
708 3630 735 3694 si
757 3630 942 3721 industriam
963 3631 1056 3713 atque
1075 3649 1147 3713 opes
1165 3649 1285 3706 omnes,
1308 3650 1387 3713 qnae

158 3734 215 3800 Dei
237 3753 361 3799 munere
384 3735 416 3798 iu
440 3736 541 3801 vestre
562 3740 634 3800 sunt
656 3736 827 3819 potestate,
858 3735 897 3799 ad
928 3735 1117 3819 deprecanda
1149 3733 1306 3799 societatis
1329 3735 1387 3799 bu·

155 3858 264 3903 manae
300 3838 347 3904 vel
375 3837 508 3921 pericula
540 3840 588 3904 vel
616 3839 811 3904 incommoda
835 3839 1003 3904 Nobiscum
1025 3823 1227 3904 contuleritis.
1273 3837 1386 3931 Curate

155 3961 191 4007 ac
214 3942 381 4027 providete,
403 3944 440 4007 ut
462 3960 538 4026 quae
559 3942 597 4007 de
617 3942 744 4026 imperio
768 3942 866 4026 deque
888 3942 1049 4007 obediendi
1072 3942 1171 4007 oificio
1194 3942 1232 4005 ab
1246 3941 1387 4006 Ecclesia

156 4047 311 4113 catholica
334 4045 578 4131 praecipiuntur,
606 4064 642 4111 ea
665 4046 804 4112 homines
826 4048 858 4111 et
880 4046 969 4129 plane
988 4049 1148 4129 perspecta
1170 4043 1321 4123 habeant,
1355 4048 1386 4109 et

156 4152 195 4217 ad
217 4142 311 4217 ¹vitam
332 4146 482 4237 agendam
505 4149 672 4233 diligenter
692 4150 830 4216 utantur.
863 4150 957 4216 Vobis
974 4150 1152 4217 auctoribus
1172 4150 1204 4215 et
1215 4148 1386 4233 magistris,

155 4273 246 4337 saepe
268 4255 373 4339 populi
395 4255 577 4320 moneantur
599 4252 704 4337 lugere
728 4254 841 4319 vetitas
863 4254 980 4331 sectas,
1009 4273 1027 4318 a
1048 4253 1309 4337 conjurationibus
1332 4254 1386 4318 ab·
1409 4274 1414 4289 *

128 4350 295 4438 ‘horrere
319 4359 398 4423 nibil
419 4357 562 4423 seditiose
585 4375 692 4440 agere:
714 4356 868 4439 iidemque
890 4355 1085 4441 intelligant,
1117 4358 1170 4441 qui
1197 4357 1253 4422 Dei
1277 4375 1386 4423 caussa

155 4465 266 4545 parent
288 4461 528 4545 imperantibus,
559 4476 670 4559 eorum
686 4478 751 4525 csse
773 4459 961 4526 rationabile
982 4461 1174 4543 obsequium,
1205 4479 1385 4545 generosam
