3109 4859
203 72 266 137 442
453 88 566 143 Leonta
585 85 669 143 XIH.
690 90 734 141 lit.
752 86 860 156 ,Apost
880 88 908 140 d.
927 88 955 141 d.
975 86 1001 141 5.
1021 85 1105 143 Joltt
1123 85 1219 149 1831..
1290 44 1317 109 ’1
1370 35 1389 50 Ι.

201 262 294 328 rebus
326 260 359 326 in
390 259 605 343 Herzcgovina
638 258 782 324 curandis
812 257 1006 323 vicariatum
1035 256 1250 340 Apostolicum
1272 256 1488 335 coustituit,

202 366 325 433 serrata
348 368 452 431 tamen
475 363 640 447 episcopali
663 362 735 428 sede
757 362 950 427 Meroauensi
972 363 1003 426 et
1027 361 1242 439 Tributriensi,
1273 362 1377 445 cujus
1420 363 1487 426 ad·

202 470 462 536 ministrationem
486 467 616 533 conlatis
640 468 733 533 antea
752 484 821 531 cum
846 466 999 548 imperiali
1022 466 1167 531 Austrisc
1190 464 1358 531 Gubernio
1392 484 1485 530 con·

202 574 298 651 siliis,
327 572 495 656 Gregorius
517 570 602 637 XVI.
627 570 774 653 Episcopo
790 570 958 654 ,bagasino
981 568 1232 635 demandaverat.
1287 568 1390 651 Quae
1423 588 1484 633 ra-

202 678 301 743 tiones
322 675 592 741 Praedecessorum
616 673 800 745 Nostrorum
823 671 1017 755 prouidentia
1038 671 1145 753 initae,
1169 672 1201 737 in
1224 672 1359 738 illarum
1389 692 1481 755 pro-

203 780 373 847 vinciarum
397 779 512 843 bonum
534 777 672 861 apprimo
693 776 921 855 redundarunt,
954 776 987 840 in
1009 776 1120 859 quibus
1143 776 1248 842 oblata
1268 776 1480 842 hominibus

203 884 344 950 veritatis
374 880 568 965 excipiendae
598 880 839 962 opportunitatis
863 880 967 965 etad
999 878 1203 945 christianam
1224 880 1478 963 professionem

203 987 361 1053 colendam
385 984 501 1051 auxilia
523 982 658 1062 edocere,
682 985 717 1048 ut
737 983 824 1062 fides,
848 982 959 1067 religio
980 986 1013 1048 et
1034 982 1135 1067 pietas
1158 983 1262 1067 ampla
1284 983 1317 1048 in
1341 984 1392 1049 iis
1417 985 1476 1049 irr-

202 1092 358 1159 orementa
379 1088 547 1171 susciperet

305 1195 350 1258 At
372 1212 453 1258 nunc
474 1191 647 1275 singulares
669 1193 773 1275 grates
797 1192 863 1256 Deo
887 1190 1136 1257 clementissimo
1155 1190 1187 1255 in
1208 1190 1307 1256 Nobis
1329 1190 1373 1255 in
1401 1192 1473 1256 hu·

202 1298 336 1364 militate
359 1295 459 1361 cordis
482 1295 618 1378 agendas
638 1312 704 1359 esse
725 1294 952 1379 intelligimus,
983 1314 1055 1360 cum
1088 1294 1164 1379 lljus
1197 1312 1325 1359 munere
1352 1294 1472 1361 Nobis

201 1400 311 1465 datum
334 1399 385 1478 sit,
408 1400 444 1465 ut
466 1399 535 1482 post
558 1401 606 1464 tot
628 1398 822 1463 saeculorum
844 1398 977 1482 lapsum,
1000 1400 1069 1481 post
1090 1399 1140 1463 tot
1161 1398 1320 1463 luctuosas
1342 1418 1470 1464 rerum

202 1505 294 1583 vices,
318 1505 399 1587 quod
423 1502 497 1570 olim
520 1501 622 1567 inoliti
646 1501 754 1567 Nostri
769 1502 1024 1568 Praedecessoros
1039 1501 1169 1566 summis
1185 1500 1265 1566 votis
1283 1500 1467 1583 optabant,

202 1608 283 1691 quod
306 1608 345 1673 ad
367 1628 416 1673 res
438 1609 594 1676 Ecclesiae
616 1608 649 1672 in
671 1609 813 1692 superius
836 1610 1014 1674 memoratis
1040 1608 1205 1693 provinciis
1225 1608 1265 1673 ad
1284 1608 1465 1673 meliorem

202 1714 320 1779 statum
343 1713 540 1779 adducendas
561 1714 712 1797 pertinet,
735 1714 905 1797 opportune
927 1714 1139 1797 praestereat
1161 1712 1323 1795 perficere,
1347 1712 1464 1778 eccle-

588 1082 597 1101 0

550 1137 557 1151 ο

201 1816 327 1882 siastioa
350 1818 470 1883 scilicet
491 1818 665 1883 hierarchia
687 1818 720 1882 in
744 1818 783 1882 iis
806 1816 1039 1898 constituenda,
1060 1816 1221 1900 possimus.
1267 1816 1341 1880 Nou
1363 1816 1462 1881 enim

201 1919 406 1985 dubitandum
430 1922 478 1985 est
499 1922 574 2004 quin
598 1920 789 1987 hierarchica
812 1921 1040 1987 ecclesiasticae
1071 1920 1115 1985 rei
1137 1920 1391 1999 administratio,
1423 1922 1460 1986 in

201 2041 278 2105 qua,
313 2022 456 2088 velutin
488 2042 636 2108 compage
670 2023 798 2088 humani
828 2024 961 2107 corporis
989 2024 1122 2090 varietas
1144 2024 1211 2107 ipsa
1233 2023 1395 2107 graduum
1424 2026 1458 2089 et

201 2124 389 2205 officiorum,
405 2126 441 2190 ob
465 2143 626 2191 commune
648 2126 721 2191 fidei
742 2128 775 2192 ct
798 2126 939 2192 caritatis
960 2126 1116 2192 vinculum
1133 2128 1165 2191 et
1180 2126 1315 2209 supremi
1335 2129 1456 2193 aucto-

200 2228 325 2294 ritatem
350 2228 462 2312 capitis
483 2230 587 2295 omnia
609 2228 799 2295 moderantis
821 2232 854 2295 et
883 2230 1022 2314 agentis,
1056 2230 1097 2295 ad
1129 2231 1272 2295 mutuum
1303 2232 1453 2295 omnium

199 2333 438 2415 partiuminter
460 2352 492 2399 se
514 2352 694 2399 consensum
717 2336 748 2399 et
771 2334 1018 2400 incolumitatem
1040 2333 1171 2400 mirifice
1192 2333 1365 2412 redundat,
1390 2335 1451 2399 ubi

199 2436 231 2501 in
254 2436 318 2501 illis
339 2436 503 2521 provinciis
520 2436 620 2503 ‘fuant
637 2437 828 2516 constituta,
864 2438 939 2503 dum
971 2438 1085 2502 sensim
1115 2438 1268 2521 praesidia
1301 2438 1448 2521 augebit,

153 2548 155 2551 ’
199 2560 278 2623 quae
298 2542 337 2605 arl
359 2540 537 2625 religiosum
551 2542 679 2606 ¹cultum
702 2540 875 2607 animorum
895 2542 1056 2625 spectant,
1079 2562 1116 2607 ao
1137 2542 1276 2607 omnium
1298 2523 1379 2607 vires
1402 2542 1447 2606 ad

198 2638 359 2710 commune
381 2646 494 2710 bonurn
517 2646 674 2728 impellet,
698 2664 733 2711 eo
756 2645 892 2711 valitura
914 2646 972 2725 sit,
1007 2647 1043 2711 ut
1069 2646 1176 2711 fideles
1199 2646 1231 2710 in
1253 2636 1445 2711 christianae

199 2748 280 2836 vitae
301 2748 411 2814 ciliciis
433 2768 495 2813 una
518 2749 683 2832 eademque
704 2749 886 2833 disciplinae
909 2750 1029 2817 ratione
1051 2751 1197 2829 utantur,
1229 2768 1266 2815 ao
1293 2748 1379 2832 pacis
1407 2751 1443 2813 et

197 2852 339 2918 caritatis
359 2870 437 2916 nexu
459 2852 596 2916 omnium
620 2852 716 2917 animi
727 2853 856 2919 arctius
880 2854 1101 2920 consocientur.

155 2950 157 2955 ’
299 2955 364 3022 Nos
386 2956 490 3041 itaque
513 2955 640 3039 rogatis,
662 2958 699 3021 ut
714 2956 833 3040 negotii
848 2958 987 3040 grauitas
1001 2954 1191 3040 postulabat,
1207 2954 1438 3028 Venerabilium

198 3059 343 3124 Fratrum
365 3060 549 3126 Nostrorum
572 3058 603 3127 S.
625 3060 658 3125 lli.
684 3061 721 3125 R.
747 3059 959 3126 cardinalium
990 3059 1169 3137 sententiis,
1204 3078 1240 3125 ao
1269 3060 1365 3126 totius
1391 3059 1436 3124 rei

196 3163 314 3229 ratione
345 3164 488 3230 accurate
510 3182 675 3247 perpensa,
703 3166 848 3238 levantes,
864 3165 967 3231 oculos
988 3166 1022 3230 iu
1044 3166 1165 3254 montes
1187 3156 1435 3247 undeomuipo-

195 3265 292 3331 tentis
313 3266 371 3331 Dei
386 3266 472 3332 venit
487 3266 647 3347 auxilium,
671 3286 707 3333 ao
722 3268 889 3359 propitiam
899 3288 988 3352 opem
999 3256 1200 3352 implorantes
1212 3266 1433 3332 immaculatae

194 3368 254 3433 Dei
279 3369 406 3449 Matris,
442 3357 618 3437 sanctorum
651 3372 869 3455 Apostolorum
892 3372 979 3438 Petri
999 3373 1031 3438 et
1055 3371 1164 3452 Pauli,
1198 3372 1432 3454 sanctorumque

196 3472 383 3537 Pontificum
412 3472 626 3541 confessorum
655 3475 764 3561 Cyrilli
787 3478 819 3543 et
841 3476 1012 3564 Methodii,
1046 3478 1100 3559 qui
1132 3475 1287 3560 evangelii
1318 3474 1431 3541 lumine

196 3576 277 3653 inter
300 3575 436 3642 Slavioas
456 3580 563 3661 gentes
584 3579 659 3656 olim
683 3579 823 3659 invecto,
853 3580 897 3646 eis
927 3599 1008 3645 nunc
1030 3579 1159 3645 caelesti
1180 3578 1348 3662 patrocinio
1368 3580 1430 3644 sul·

194 3680 366 3764 fragantur,
388 3683 475 3746 motu
497 3682 626 3766 propriu,
651 3683 735 3748 certa
758 3684 888 3749 scientia
901 3702 938 3749 ac
953 3684 1077 3749 matura
1089 3683 1308 3748 deliberatione
1319 3682 1429 3748 Nostra

161 3784 292 3867 &deque
314 3784 520 3868 amplitudine
543 3786 739 3868 Apostolioae
760 3786 967 3867 auctoritatis,
990 3787 1029 3853 ad
1049 3786 1197 3869 majorem
1219 3784 1427 3868 DeiOmnipo-
1524 3857 1526 3867 ,

193 3886 289 3979 tentis
312 3888 444 3972 gloriam
466 3890 498 3953 et
519 3889 680 3973 religionis
702 3890 875 3956 catholicae
906 3891 989 3956 inter
1022 3890 1145 3956 easdem
1175 3891 1284 3975 gentos
1317 3889 1426 3955 exaltan

193 3990 309 4055 tionem
332 4009 368 4055 ac
389 3990 629 4071 incrementum,
652 3992 870 4058 constituimus
892 4011 928 4059 ac
950 3993 1162 4071 decernimus,
1193 3993 1229 4057 ut
1252 3991 1283 4056 in
1304 3991 1427 4059 Bosuiae

193 4093 225 4157 et
257 4082 487 4177 Herzogotinae
522 4094 715 4161 districtibus
747 4095 839 4180 juxta
871 4098 1087 4162 canonicarum
1115 4096 1221 4180 legum
1244 4094 1425 4179 praescripta

193 4196 365 4261 hierarchia
387 4196 609 4263 ordinariorum
632 4200 851 4283 Episcoporum
874 4189 1060 4266 instituatur
1081 4203 1114 4266 et
1134 4199 1204 4278 fiat,
1237 4200 1289 4283 qui
1313 4220 1331 4264 a
1351 4200 1424 4264 sedi-

191 4300 248 4363 bus
269 4318 379 4365 nomen
401 4299 569 4383 accipient,
598 4320 673 4384 quas
697 4303 782 4367 hisce
804 4303 929 4369 Nostris
951 4304 1066 4369 litteris
1091 4302 1250 4387 erigimus,
1274 4303 1307 4367 et
1329 4303 1358 4366 in
1377 4320 1422 4367 oo·

191 4400 398 4467 clesiasticam
421 4402 611 4484 provinciam
636 4405 863 4473 constituimus.
