3109 4859
185 44 248 109 448
430 60 545 115 neven
564 59 650 113 xiii.
671 61 714 113 cu.
736 59 842 127 Apate.
862 59 890 112 a.
909 59 937 111 a.
956 57 983 111 5.
1003 55 1086 112 uerte
1105 55 1187 111 1881.
1220 37 1227 43 '
1307 44 1314 49 ’

184 234 260 299 inibi
281 235 388 317 postea
408 230 658 308 constitutorum,
681 230 713 295 et
735 248 1002 313 quarumcumque
1025 226 1233 293 Ecclesiamm
1260 245 1304 291 ac
1324 226 1494 309 piorum

184 338 318 403 locorum
343 334 465 421 juribus
490 334 545 399 aut
570 331 743 417 privilegiis
770 333 948 416 juramento
970 320 1066 398 etiam
1088 326 1346 396 confirmatione
1384 330 1491 412 Apo-

120 500 122 513 .
184 440 305 519 stolica,
328 442 383 505 aut
405 438 466 504 alia
489 454 682 521 quacumque
704 437 854 503 firmitate
869 437 1031 516 roboratis,
1055 434 1246 519 eaeterisque
1269 434 1491 501 contrariis

184 544 436 627 quibuscumque.
481 540 539 605 His
569 540 651 605 enim
681 540 824 606 omnibus
854 542 980 607 tametsi
1000 545 1057 624 pro
1080 539 1205 604 illorum
1229 537 1488 628 derogatione

184 646 326 732 specialis
349 644 464 711 mantio
487 643 627 709 facienda
647 644 745 724 esset,
768 646 825 709 aut
847 645 912 709 alia
931 643 1130 727 quantumvis
1153 631 1322 725 euqnisita
1351 642 1485 707 forma

184 749 347 827 servanda,
370 750 522 832 quatenns
543 744 730 829 supradictis
753 747 898 825 obstant,
921 764 1060 829 expresse
1084 745 1282 830 derogamus,
1310 745 1350 809 et
1385 764 1482 827 qno-

96 936 99 943 ,
184 870 384 935 rumcumquc
405 851 553 917 interesse
576 849 759 915 habentium
781 850 941 915 consensui
964 848 1098 933 plenan'e
1119 849 1319 932 supplemus,
1382 846 1477 911 Irri·
1512 909 1514 914 .

184 958 250 1020 tum
273 974 393 1039 quoque
415 954 447 1018 et
470 955 560 1017 inane
583 952 776 1018 decernimus
800 953 827 1019 si
842 972 930 1019 secus
946 971 1037 1036 snper
1052 952 1101 1016 bis
1117 972 1135 1017 a
1153 970 1316 1034 quoquam
1334 951 1474 1033 quavis

183 1058 369 1145 auctoritate
384 1056 516 1121 scienter
532 1056 578 1121 vol
594 1056 775 1148 ignoranter
791 1056 957 1141 contigerit
973 1056 1132 1122 attentari.
1158 1055 1318 1137 Volumus
1334 1056 1468 1119 antem

183 1164 219 1228 ut
241 1162 350 1227 barum
374 1160 550 1226 litterarum
572 1160 719 1243 exemplis
743 1160 839 1226 etiam
861 1160 1029 1244 impressis,
1051 1177 1204 1241 manuque
1226 1157 1362 1241 publici
1387 1159 1467 1222 No·

51 1272 85 1310 ‘2
182 1263 256 1330 tarii
286 1263 469 1347 subscriptis
500 1264 531 1329 et
556 1281 609 1347 per
633 1264 839 1331 constitutum
863 1265 896 1328 in
916 1263 1128 1329 ecclesiastica
1150 1262 1311 1345 dignitate
1339 1261 1461 1327 virum

184 1385 238 1433 suo
260 1366 364 1451 sigillo
387 1366 532 1445 munitis,
562 1366 670 1445 eadem
694 1367 845 1431 habeatur
877 1366 971 1446 fides,
1002 1385 1080 1450 quae
1100 1366 1233 1430 Nostrae
1256 1364 1461 1429 voluntatis

183 1469 403 1554 significationi
426 1470 491 1554 ipso
512 1470 570 1535 boc
592 1469 760 1553 diplomate
784 1470 907 1535 ostenso
930 1470 1106 1535 baberetur.

174 1610 178 1617 ·
287 1572 375 1637 Nulli
408 1591 481 1657 ergo
514 1572 637 1639 omnino
672 1568 830 1639 hominum
864 1574 960 1641 liceat
991 1574 1073 1638 hanc
1107 1574 1255 1656 paginam
1295 1572 1453 1637 Nostrae

184 1676 355 1753 erectionis,
385 1676 625 1755 constitutionis,
653 1677 869 1758 institutionis,
892 1676 1109 1755 restitutionis,
1133 1674 1450 1776 dismembrationis,

184 1780 416 1863 suppressionis,
440 1781 680 1865 adsignationis,
705 1780 904 1865 adjectionis,
928 1766 1167 1857 attributionis,
1181 1778 1317 1856 decreti,
1345 1798 1449 1842 man-

128 1914 132 1917 ·
184 1880 249 1946 dati
280 1900 315 1946 ac
338 1883 508 1950 voluntatis
538 1884 706 1967 infringere
737 1884 785 1948 vel
815 1885 844 1949 ei
875 1904 953 1949 ausu
986 1884 1149 1949 temerario
1181 1881 1349 1947 contraire.
1408 1881 1445 1947 Si

184 1984 252 2068 quis
283 1985 387 2049 autem
424 1986 501 2050 haee
535 1988 688 2052 attentare
723 1986 980 2071 praesumpserit,
1010 1986 1255 2070 indignationem
1277 1983 1441 2067 Omnipo-

183 2088 278 2153 tentis
302 2087 359 2152 Dei
383 2090 418 2186 et
436 2089 596 2155 beatorum
624 2090 710 2156 Petri
736 2094 768 2156 et
799 2092 888 2156 Pauli
912 2090 1128 2175 Apostolorum
1154 2090 1228 2175 Ejus
1250 2108 1283 2154 so
1307 2090 1441 2153 noverit

183 2209 386 2259 incursurum.

286 2295 402 2361 Datum
429 2297 544 2363 Rornae
571 2296 652 2381 apud
676 2296 707 2365 S.
731 2298 860 2363 Petrum
884 2297 975 2363 Anno
994 2297 1219 2364 lucarnatiouis
1244 2297 1436 2363 Dominicae

183 2396 348 2471 millesimo
371 2400 625 2485 octingentesimo
648 2400 837 2485 octogesimo
859 2400 957 2485 primo
980 2401 1037 2466 lIl.
1062 2401 1168 2467 Nonas
1190 2402 1286 2481 Julii,
1314 2402 1433 2467 Ponti-

182 2500 292 2567 ficatus
315 2501 423 2568 Nostri
446 2503 536 2569 Anno
560 2504 612 2569 IV.
1152 2574 1158 2580 ,

748 2605 782 2672 (l.
804 2605 896 2674 dard.
919 2606 1060 2687 Saecoat,
1085 2609 1317 2677 Pro-batarios,

881 2710 916 2775 Τ.
941 2709 1031 2779 Card.
1054 2711 1180 2788 Mertet.
