3109 4859
189 70 254 153 246
287 89 391 161 deon.
410 96 495 159 XIII.
514 88 636 174 Encpel.
654 98 684 159 d.
702 90 747 158 2¹9·
766 89 841 160 Jan.
858 92 931 159 lsai
949 105 987 159 de
1006 95 1124 159 auctor.
1142 93 1204 175 pol.
1223 58 1360 176 imperii.

190 278 411 363 deflagratiouo
433 276 508 341 belli
528 278 561 342 et
583 276 684 363 caede,
709 277 746 341 ut
764 272 872 340 'nullus
891 294 966 359 pene
989 275 1074 340 loeus
1093 294 1198 359 expers
1213 277 1377 342 turbamm
1395 281 1429 343 et

190 383 305 449 cruoris
326 383 489 448 videretur.
514 416 552 429 -
577 380 622 445 Er
645 381 700 445 illa
722 380 841 446 haeresi
865 382 966 445 ortum
998 380 1085 445 duxit
1115 380 1237 445 saeculo
1270 382 1429 465 superiore

190 486 260 551 ialsi
279 485 410 551 nominis
432 482 635 569 philosophia,
659 485 691 548 ot
713 483 760 565 jus
780 484 861 565 quod
884 483 1042 566 appellant
1063 505 1183 562 nomm,
1207 486 1239 549 et
1260 484 1428 568 imperium

190 590 346 674 populare,
369 590 399 654 et
422 588 546 653 modum
569 588 706 652 nesciens
721 588 856 664 licentia,
879 606 971 671 quam
991 587 1117 670 plurimi
1132 588 1228 653 solam
1245 588 1430 653 libertatem

190 697 312 779 putant.
356 694 402 759 llx
424 690 473 758 bis
496 692 535 757 ad
558 691 718 756 finitimas·
735 693 837 775 pestes
858 691 984 756 sentum
1016 695 1080 770 est,
1113 690 1233 757 scilicet
1262 692 1300 757 ud
1334 691 1434 758 Com·

163 856 166 859 .
190 801 396 877 mnnismnm,
420 797 459 861 ad
483 795 718 876 Secialismum,
752 796 790 861 ad
811 797 1035 874 Nileilismnrn,
1069 797 1169 861 ciuilis
1190 796 1351 881 bominum
1377 816 1431 861 so-

189 903 311 969 cietatis
340 901 501 967 teterrima
530 902 673 983 portenta
700 920 737 965 ac
758 920 835 985 pene
857 900 974 966 funera.
1020 902 1118 983 Atqui
1138 904 1243 967 tamen
1266 902 1435 966 tantorum

191 1007 342 1071 malorum
365 1004 426 1070 vim
449 1004 542 1069 nimis
566 1004 657 1068 multi
681 1004 812 1068 dilatare
828 1007 987 1082 conantur,
1012 1022 1048 1069 ac
1062 1006 1258 1087 perspeciem
1269 1005 1436 1088 juvandas
1525 1055 1527 1062 .

191 1107 400 1175 multitudinis
422 1126 482 1173 non
505 1105 615 1191 oligua
635 1107 700 1191 jam
724 1107 917 1172 miseriarum
936 1107 1080 1171 incendia
1095 1108 1313 1175 excitaverunt.
1337 1110 1436 1191 Quae
1525 1101 1527 1106 ’

191 1214 242 1279 bic
265 1212 354 1278 modo
376 1212 581 1289 recordamur,
605 1229 641 1275 ea
663 1230 717 1275 nec
739 1211 848 1295 ignota
869 1212 944 1275 suot
965 1230 1021 1275 nec
1043 1212 1132 1275 valde
1155 1212 1333 1295 longinqua.
1375 1238 1392 1252 ·

296 1318 362 1383 Hoc
387 1336 455 1382 vero
478 1317 524 1381 est
547 1315 640 1380 etiam
675 1316 818 1399 grauius,
850 1315 931 1399 quod
965 1335 1024 1380 non
1058 1316 1172 1381 habent
1208 1318 1361 1399 principes
1399 1320 1433 1381 in
1525 1365 1526 1370 η

190 1422 286 1487 tantis
313 1417 456 1505 pdriculi‘s
490 1419 624 1485 remedia
658 1418 697 1483 ad
730 1419 952 1484 restituendam
974 1420 1130 1503 publicam
1153 1420 1346 1503 disciplinam
1374 1442 1433 1504 pa·
1525 1491 1527 1512 ‚

191 1526 364 1609 caudasque
397 1525 515 1590 animos
549 1524 624 1588 satis
657 1523 773 1589 idonea.
829 1524 999 1587 instruunt*
1025 1542 1058 1587 se
1093 1525 1276 1589 auctoritate
1308 1525 1430 1607 legum,
1525 1521 1526 1560 ³

189 1648 308 1713 eosque,
330 1630 384 1712 qui
407 1627 627 1727 rempublicam
652 1628 854 1705 commouent,
877 1628 1042 1692 seueritate
1057 1647 1222 1710 poenarum
1242 1629 1429 1693 coercendos

189 1736 309 1817 putant.
355 1734 451 1799 Recte
473 1732 614 1815 quidem:
648 1730 702 1796 sed
735 1732 839 1795 tamen
871 1731 949 1795 serio
983 1731 1235 1797 considerandum
1258 1737 1324 1810 est,
1359 1734 1427 1797 vim
1525 1733 1526 1736 ’

190 1838 308 1901 nullum
331 1855 495 1921 poenarum
517 1836 654 1902 futurum
677 1838 817 1914 tantam,
841 1855 920 1919 quae
943 1854 1121 1901 conservare
1144 1837 1332 1919 respublicas
1358 1838 1429 1900 sola

190 1942 296 2025 possit.
340 1940 444 2005 Metus
468 1940 565 2018 enim,
585 1941 621 2003 ut
641 1940 797 2022 praeclare
820 1940 908 2004 docet
928 1941 1055 2005 sanctus
1075 1940 1226 2019 Thomas,
1259 1946 1303 2005 est
1323 1941 1429 2005 debile

187 2046 443 2128 fundamentum,
473 2063 548 2109 nam
578 2045 632 2125 qni
654 2046 763 2109 timore
785 2045 974 2122 striduntur,
1001 2046 1031 2108 si
1053 2051 1196 2108 occurrat
1218 2046 1339 2109 occasio
1360 2065 1427 2124 pua

185 2150 310 2229 possint
328 2148 545 2230 impunitatem
567 2168 712 2227 sperare,
741 2154 852 2212 contra
873 2148 1088 2228 praesidentes
1117 2149 1285 2229 inserpunt
1309 2168 1344 2211 co
1361 2162 1426 2211 'ar-
1525 2141 1526 2144 '

189 2252 328 2330 dontius,
362 2272 421 2333 pne
453 2251 556 2333 mapis
582 2257 689 2316 cenna
708 2252 893 2317 oolrmtatcrn
915 2270 956 2315 cra
974 2252 1039 2315 sole
1060 2253 1170 2316 timore
1191 2250 1426 2315 cohibebantur.

188 2357 233 2420 Ae
260 2356 418 2438 praeterea
451 2376 490 2419 erc
517 2356 613 2420 nimio
643 2355 752 2421 timere
774 2355 919 2436 plerique
936 2355 974 2420 in
994 2355 1239 2437 desperationem
1259 2356 1426 2420 incidant:

156 2448 162 2469 '
190 2461 365 2544 desperatio
392 2466 502 2555 arcternx
523 2460 672 2525 audacter
703 2461 746 2525 ad
779 2459 931 2541 quaelibet
951 2458 1135 2524 aderstanda
1148 2459 1329 2539 praecipiat
1363 2457 1428 2542 (De

143 2592 149 2605 ¹
187 2564 294 2647 regim.
319 2563 451 2645 Princip.
473 2563 494 2639 l,
518 2563 542 2641 l,
567 2582 632 2645 cap.
658 2564 721 2645 10).
777 2562 862 2643 Quae
892 2581 983 2645 quam
1013 2581 1085 2626 uera
1111 2562 1192 2639 sint,
1225 2562 1300 2625 satis
1331 2580 1428 2644 erpe-

187 2666 292 2730 rieudo
329 2666 546 2748 perspeximus.
613 2666 723 2748 ltaque
765 2666 928 2746 obediendi
965 2664 1109 2729 altiorem
1152 2667 1183 2728 et
1218 2664 1425 2729 efficaciorem

188 2788 328 2835 caussam
348 2768 494 2833 adhibere
514 2786 635 2833 necesse
658 2772 715 2849 est,
740 2771 832 2853 atque
854 2769 977 2834 omnino
991 2770 1138 2846 statuere,
1162 2786 1217 2831 nec
1233 2768 1337 2851 legum
1354 2788 1424 2833 esse

187 2894 274 2961 posse
297 2874 485 2939 fructuosam
508 2875 714 2952 severitatem,
738 2874 798 2938 nisi
821 2873 960 2938 homiues
983 2873 1182 2958 impellantur
1204 2872 1315 2950 officio,
1339 2874 1427 2937 salu·

188 2979 308 3062 tarique
331 2979 415 3043 metu
439 2978 497 3043 Dei
517 2979 760 3062 permoveantur.
796 2977 832 3041 ld
850 2978 959 3069 ‚autem
982 2980 1147 3059 impetrare
1171 2977 1209 3039 ab
1230 2976 1269 3039 iis
1290 2976 1426 3041 maxime

188 3083 297 3167 religio
317 3083 429 3167 potest,
452 3102 529 3165 quae
551 3098 606 3149 sua
625 3083 655 3146 vi
669 3082 702 3145 iu
719 3081 838 3147 animos
861 3080 972 3159 influit,
995 3081 1137 3165 ipsasque
1150 3080 1308 3144 bominum
1321 3080 1426 3145 flectit

188 3188 378 3277 voluntates,
400 3188 435 3251 ut
458 3186 515 3265 eis,
539 3186 689 3270 aquibus
710 3186 770 3269 ipsi
792 3188 958 3269 regantur,
981 3203 1039 3249 non
1064 3185 1208 3267 obsequio
1230 3185 1345 3261 solum,
1369 3186 1425 3249 sed

56 3342 60 3349 .
189 3294 284 3357 etiam
307 3291 517 3357 benevolentia
540 3292 572 3355 et
593 3292 724 3356 caritate
744 3290 976 3366 adhaerescunt,
998 3308 1076 3372 quae
1099 3291 1146 3353 est
1166 3292 1197 3352 in
1218 3288 1302 3352 omni
1320 3288 1425 3352 bomi-

190 3414 261 3460 num
285 3396 373 3461 coetu
396 3394 513 3477 optima
536 3397 638 3459 custos
661 3395 894 3461 incolumitatis.

291 3498 495 3581 Quamobrem
529 3500 653 3583 egregie
680 3498 846 3563 Pontifices
867 3498 998 3562 Romani
1022 3495 1176 3561 communi
1200 3496 1333 3560 utilitati
1354 3515 1419 3559 ser·

96 3641 99 3649 =
189 3602 268 3670 visse
287 3601 447 3685 judicandi
470 3604 551 3681 sunt,
575 3601 654 3685 qaod
677 3602 868 3667 Novatornm
890 3600 1073 3683 frangendos
1096 3599 1216 3683 semper
1238 3599 1420 3665 curaremut

188 3706 323 3773 tumidos
344 3705 558 3791 inquietosque
581 3704 722 3788 spiritus,
755 3724 791 3769 ac
817 3723 961 3787 persaepe
991 3707 1192 3781 monuerunt,
1224 3705 1376 3785 quantum
1400 3703 1423 3767 ii

189 3813 252 3876 sint
280 3811 364 3876 civili
395 3809 489 3874 etism
513 3808 655 3875 societati
678 3808 851 3892 periculosi.
897 3808 946 3873 Ad
980 3808 1061 3872 banc
1095 3826 1160 3872 rem
1194 3806 1311 3890 digua,
1342 3826 1424 3889 qnae

189 3917 462 3993 commemoretur,
496 3912 664 3978 Clementis
688 3912 758 3977 Vll.
782 3912 937 3977 sententia
967 3913 1014 3975 est
1041 3911 1080 3976 ad
1112 3910 1338 3975 lerdincnclum
1362 3912 1424 3975 Bo·

187 4018 308 4085 homine
330 4021 362 4084 et
382 4019 562 4103 Huugariae
585 4036 710 4101 regem:
744 4017 788 4083 In
816 4017 875 4082 bac
893 4017 970 4098 fidei
990 4036 1103 4082 caussa
1125 4021 1179 4080 teca
1201 4016 1297 4080 edam
1318 4021 1346 4080 et
1367 4035 1420 4079 ce-

186 4130 323 4189 terorum
342 4124 524 4205 principum
546 4121 684 4205 dipnitas
703 4127 731 4187 ct
752 4122 876 4187 utilitas
897 4121 1020 4186 inclina
1042 4127 1102 4199 est,
1132 4141 1202 4185 cum
1228 4140 1293 4185 non
1318 4120 1424 4199 pessit

185 4228 245 4294 illa
267 4227 394 4294 convelli
409 4229 494 4309 ‚pain
514 4231 689 4292 sesmarum
710 4226 804 4291 etiam
824 4246 930 4291 rernm
951 4225 1220 4305 labefactationem
1234 4242 1339 4287 secam
1353 4227 1421 4285 tra·

186 4332 256 4413 bat,·
278 4330 361 4412 qnod
382 4330 558 4395 clarissime
578 4331 612 4394 in
634 4329 711 4394 locis
731 4330 803 4395 istis
824 4327 951 4410 olipaod
966 4333 1165 4409 perspectam
1185 4328 1237 4393 sit.
1258 4325 1421 4407 —Atque

186 4434 218 4499 iu
241 4435 347 4501 eodem
370 4452 480 4517 genere
503 4451 623 4499 summa
645 4432 840 4515 providentia
861 4432 893 4495 et
916 4430 1064 4496 tortitudo
1080 4431 1198 4495 enituit
1217 4431 1421 4495 Decessorum
