3109 4859
153 35 216 107 310
351 56 464 113 Leonis
484 56 568 112 XIII.
589 58 744 112 Allocutio
764 54 870 113 habitu
890 6 940 113 die
958 59 983 111 A.
1006 61 1081 129 Anp.
1100 60 1181 115 1381.
1298 25 1550 143 τ’

34 243 37 252 ·
152 229 346 313 episcopales·
371 229 453 306 tres,
487 245 595 312 nempe
627 228 898 306 Banialucensem,
934 229 1195 295 Mandetriensem
1219 248 1273 295 seu
1296 230 1397 309 Dum·

152 334 304 413 nieusem,
340 333 570 398 Mers-anensem
604 335 636 397 et
663 332 902 398 Tribuuiensem·
921 334 1072 417 Rugusiui
1095 334 1236 417 Episcopi
1259 334 1395 425 admini-

27 422 39 515 ζ
150 438 295 502 strationi
315 436 532 515 concreditam,
556 440 715 519 tamquam
739 437 941 520 provinciales
964 437 1198 521 adsignavimus
1220 440 1251 503 et
1276 437 1396 501 addixi·

25 598 27 629 ,
95 532 97 537 ’
151 560 236 621 mus,
271 558 436 623 earumque
466 540 586 606 sedium
610 541 773 625 Episcopus
804 540 1034 624 Arcbiepiscopi
1057 540 1302 606 Verlrbosuensis
1324 541 1393 605 suf-

149 646 312 730 fraganeos
342 646 463 711 futuros
496 646 696 711 decrevimus.
729 680 768 691 -
804 644 1022 709 Mandavimns
1056 664 1159 728 porro,
1197 644 1395 709 tolerabiles

150 752 288 829 Fratres,
320 751 355 814 nt
385 748 574 831 enemplaria¹
593 749 842 833 Apostolicarum
867 748 1072 839 Litterarum,
1101 767 1179 832 quas
1202 748 1395 812 deecclesia

21 852 23 889 ἕ
149 854 247 920 astice
281 854 455 920 hierarchia
489 855 520 918 in
554 853 733 918 memoratis
764 853 942 937 regionibus
973 853 1143 918 constituta
1166 853 1198 916 in
1219 841 1320 916 lucem
1342 852 1393 915 edi

21 962 22 969 ’
146 958 314 1039 jussimus,
344 957 438 1022 Vobis
467 957 646 1034 tradantur,
679 959 715 1021 ut
746 977 782 1021 ex
811 957 1095 1030 iisvnrissrerum
1118 975 1276 1021 sacrarum
1299 955 1395 1019 iniis

17 1092 18 1099 .
149 1060 223 1125 locis
246 1061 338 1140 vices,
362 1063 394 1125 et
417 1062 516 1127 totam
539 1061 583 1125 rei
603 1081 622 1127 a
644 1062 741 1126 Nobis
765 1063 871 1144 gestae
894 1060 1044 1125 rationem
1068 1060 1263 1143 intelligatis.

252 1164 343 1230 Hanc
365 1164 576 1248 providentiae
599 1165 748 1231 rationem
772 1185 791 1231 a
813 1164 910 1229 Nobis
931 1164 1043 1229 initam
1066 1183 1102 1228 eo
1122 1166 1205 1227 certe
1224 1163 1391 1227 valituram

148 1267 339 1346 confidimus,
363 1272 397 1334 ut
419 1269 500 1333 inter
522 1267 682 1334 Slavorum
707 1269 851 1351 populos,
876 1267 928 1350 qui
951 1268 1050 1332 lucem
1073 1267 1227 1350 diligunt,
1249 1266 1394 1350 gloriosis

146 1390 249 1437 eorum
268 1371 424 1455 Apostolis
440 1374 472 1436 et
489 1372 632 1437 Patronis
654 1372 839 1437 caelestibus
860 1371 1113 1455 suffragantibus,
1142 1370 1258 1436 curisti
1280 1369 1393 1451 religio

146 1475 296 1559 ampliora
327 1476 515 1541 incrementa
541 1476 692 1559 suscipiat
714 1495 750 1540 ac
773 1478 933 1558 tamquam
957 1494 993 1541 er
1016 1474 1145 1539 fecundo
1168 1474 1284 1539 semine
1304 1475 1392 1538 laeta

144 1580 256 1645 salutis
279 1598 376 1664 seges,
404 1580 461 1645 Dei
480 1580 583 1663 gratia
605 1580 736 1659 fovente,
760 1581 932 1646 succrescat
951 1598 988 1644 ac
1010 1578 1127 1645 floreat.

577 1754 779 1839 Confirmatio
801 1754 960 1820 electionis

434 1867 644 1935 Patriarcbue
666 1865 847 1933 Ciliciensis
869 1867 1104 1933 Armeniorum.

246 1998 338 2064 Nunc
367 2001 546 2080 pergratum
569 1998 615 2062 ost
636 1998 751 2063 referre
773 1996 814 2061 ad
836 1998 917 2076 Vos,
947 1996 1145 2063 Venerabiles
1174 1994 1315 2073 Fratres,
1346 1993 1385 2057 de

143 2103 257 2168 recenti
281 2101 474 2185 coaptatione
496 2101 695 2167 Patriarchae
718 2100 893 2189 Ciliciensis
916 2094 1142 2166 Armeniorum.
1179 2099 1302 2164 Etenim
1318 2099 1384 2161 luc·

141 2214 231 2272 tunso
250 2207 313 2283 illo,
337 2205 417 2290 qnod
440 2204 547 2283 nostis,
570 2205 633 2269 fere
656 2204 780 2269 sublato
802 2204 939 2284 dissidio,
964 2204 1164 2288 patriarchali
1181 2222 1214 2269 se
1228 2203 1385 2287 dignitate

142 2312 249 2393 sponte
272 2310 428 2376 abdicavit
447 2310 638 2375 Venerabilis
655 2309 763 2375 Frater
784 2310 939 2376 Antonius
957 2310 1091 2389 Hassnn,
1117 2309 1166 2374 cu'i
1189 2308 1227 2373 ob
1242 2308 1383 2373 laborum

141 2433 176 2478 ac
199 2415 350 2479 virtutum
375 2415 486 2480 merita
501 2433 643 2480 romanae
659 2432 813 2497 purpurae
829 2414 973 2479 honorem
988 2413 1185 2479 deferendum
1198 2412 1382 2477 censuimus.

141 2517 344 2599 Quamobrem
369 2517 567 2601 providimus,
593 2520 630 2583 ut
651 2518 852 2608 venerabiles
875 2517 1000 2583 Fratres
1022 2517 1164 2601 Episcopi
1187 2516 1326 2583 Armenii
1348 2516 1382 2581 in

140 2618 296 2704 Synodum
325 2621 505 2705 congregati
536 2638 647 2686 novum
678 2620 893 2686 Patriarcbam
925 2621 1077 2705 eligerent
1101 2639 1154 2685 seu
1177 2616 1380 2705 postularant.

120 2723 260 2788 ‘Coortis
283 2742 318 2789 ex
346 2724 504 2808 inopinato
535 2724 791 2803 difficultatibus,
829 2744 892 2790 rem
928 2725 1134 2802 distulerunt;
1168 2724 1222 2790 sed
1252 2724 1379 2789 tandem

139 2827 279 2912 synodali
312 2832 463 2894 conventu
495 2828 601 2893 habito
634 2828 666 2893 in
701 2829 777 2895 aede
809 2829 916 2895 honori
940 2830 1205 2907 sanctiNominis
1227 2828 1380 2912 Deiparae

138 2949 243 3010 sacra,
264 2932 312 2997 die
335 2934 420 2998 sexta
443 2932 607 3017 superioris
630 2932 763 3012 mensis,
785 2934 1001 3000 venerabilem
1023 2935 1162 3000 Fratrem
1185 2933 1378 3018 Stephanum

138 3035 286 3114 Azarian,
311 3036 582 3122 Archiepiscopum
605 3037 815 3103 Nicosiensem
837 3040 874 3104 in
889 3039 1036 3121 partibas
1059 3039 1249 3123 infidelium,
1274 3037 1379 3103 Patri·

137 3138 262 3205 archam
279 3138 484 3219 Ciliciensem,
508 3139 594 3205 Petri
610 3140 648 3205 X.
667 3140 788 3207 nomine
803 3141 1004 3225 appellantes,
1027 3141 1144 3225 majore
1159 3141 1377 3226 suffragiorum

77 3310 80 3320 ,
136 3245 225 3325 parte
247 3244 474 3309 renunciarunt.
519 3244 618 3309 Iidem
653 3244 763 3311 deinde
797 3244 940 3329 Episcopi
970 3244 1085 3313 litteris
1115 3244 1164 3310 die
1194 3247 1304 3311 octava
1325 3263 1378 3310 su·

136 3346 264 3429 perieris
287 3348 401 3413 mensis
422 3348 461 3412 ad
485 3348 549 3413 Nos
568 3348 659 3428 datis,
684 3368 757 3415 suae
780 3349 1000 3415 observantiae
1015 3349 1156 3429 testibus,
1180 3349 1284 3417 omnia
1307 3367 1325 3414 a
1344 3368 1377 3413 se

137 3450 167 3514 in
190 3450 248 3515 hac
270 3442 419 3517 electione
441 3453 529 3535 gesta
552 3451 650 3516 Nobis
672 3452 909 3537 significarunt;
943 3455 1037 3537 atque
1068 3453 1278 3540 intolligentes
1312 3456 1373 3521 Pa-

135 3553 336 3619 triarchalem
357 3553 545 3638 dignitatem
568 3574 692 3621 ornnem
712 3557 775 3622 vim
792 3558 824 3623 et
843 3557 1023 3625 firmitatem
1041 3578 1131 3625 suam
1151 3560 1272 3627 abeato
1284 3561 1376 3627 Petro

136 3658 355 3742 Apostolorum
379 3658 522 3741 Principe
541 3658 688 3742 accipere,
712 3660 765 3743 qui
781 3660 886 3727 divina
905 3661 1203 3747 ordinatioueagnis
1222 3666 1254 3730 et
1268 3664 1375 3729 ovibus
1440 3682 1447 3691 ·

121 3762 328 3847 ‘praepositus
356 3762 457 3829 clunes
483 3764 571 3846 repni
601 3764 755 3829 coelmnm
781 3767 1058 3833 cornmunicundus
1080 3769 1190 3835 ceteris
1212 3768 1298 3835 sotus
1319 3788 1373 3834 uc·

135 3867 215 3950 cepit
243 3865 289 3953 (S.
312 3865 418 3950 Optat.
441 3866 546 3933 Milev.
568 3866 590 3933 l.
616 3866 716 3953 FlIl.)
739 3886 757 3933 a
781 3868 896 3949 Nobis,
931 3872 968 3935 ut
993 3890 1049 3955 par
1072 3873 1157 3952 erat,
1191 3890 1246 3955 per
1271 3888 1375 3954 preces

135 3970 348 4052 postularunt,
372 3972 408 4035 nt
427 3969 624 4055 Synodalium
649 3970 829 4037 electionem
850 3973 1029 4056 Apostolica
1051 3974 1166 4040 Nostra
1188 3974 1375 4039 auctoritate

134 4072 314 4139 confirmare
337 4074 496 4141 vellemus.
541 4074 577 4138 ld
604 4074 725 4158 pariter
750 4075 932 4160 suppliciter
953 4078 1019 4145 Nos
1039 4078 1163 4162 rogavit
1181 4076 1374 4143 Venerabilis

136 4177 244 4242 Frater
269 4177 444 4262 Stephanus
474 4178 608 4244 Anarian
642 4180 826 4245 Patriarcha
858 4183 975 4249 electus
1007 4202 1060 4247 seu
1094 4183 1287 4266 postulatus,
1321 4180 1373 4265 qui

134 4282 264 4365 epistola
285 4282 325 4348 ad
347 4284 411 4349 Nos
433 4284 527 4351 missa
549 4283 598 4351 die
618 4286 728 4351 octava
750 4287 915 4370 superioris
931 4286 1053 4365 mensis,
1077 4306 1139 4353 una
1154 4305 1224 4352 cum
1240 4285 1374 4351 formula

133 4387 328 4467 professionis
350 4387 422 4455 fidei
444 4407 462 4453 a
484 4408 516 4455 se
540 4389 724 4473 subscripta,
746 4410 841 4473 quam
863 4393 903 4457 ad
925 4392 1054 4457 formam
1079 4392 1117 4458 ab
1141 4392 1264 4458 Urbano
1284 4390 1373 4466 Vlll,
