3109 4859
110 20 324 125 La’tfapost.
339 57 420 127 quib.
436 56 715 123 hierarchia-episc.
729 57 763 130 ta
780 54 898 109 Boouata
914 59 942 109 ei
957 55 1084 124 Heracp.
1098 45 1285 116 instituit-ur.
1326 36 1389 99 447

113 226 272 310 vilegiis
303 226 521 311 cujuscumque
544 226 665 309 generis
684 226 720 290 et
743 225 1016 291 consuetudinibus
1039 244 1058 289 a
1080 244 1272 314 quocumque
1294 226 1391 291 etiam

118 328 358 395 vetustissimo
382 331 412 395 et
430 325 667 395 immemorabili
690 330 828 411 tempore
851 328 1004 406 induetis,
1026 346 1146 404 omnem
1166 348 1290 411 prorsus
1313 329 1391 394 obli·

123 434 244 519 gandi
267 435 322 499 ant
341 434 422 518 juris
447 432 593 498 afferendi
616 432 677 497 vim
700 450 735 517 er
758 431 952 515 plenitudine
976 430 1171 514 Apostolicae
1193 432 1391 498 auctoritatis

124 536 324 603 adimimus.
372 537 503 603 Proinde
523 536 760 620 Archiapiscopo
790 538 823 599 et
852 534 1012 619 Episcopis
1037 535 1203 618 praedictis
1231 536 1390 619 integrum

126 642 204 707 erit
227 661 265 707 ea
288 626 464 719 decern‘ore,
492 631 578 724 'quae
613 640 653 704 ad
687 639 857 706 communis
889 638 968 722 juris
986 638 1200 705 'executionem
1222 640 1388 721 pertinent,

127 762 263 827 quaeve
298 764 333 809 er
365 735 515 828 generali
537 744 606 827 lege
626 761 798 825 ,sacrorum
819 730 1009 807 Antistitnm
1031 742 1213 807 auctoritati
1240 742 1389 824 permissa

130 847 228 911 sunt.
276 847 412 919 Ulterius
434 844 641 925 intendimus,
673 846 709 910 ut
735 847 848 910 cuncta
872 845 912 910 ad
934 864 1000 923 ree,
1027 845 1100 927 jura
1122 847 1154 911 et
1176 863 1320 927 personas
1342 865 1387 911 ec·

132 943 337 1013 clesias'ticas
359 949 529 1033 respective
556 948 760 1033 pertinentia,
792 949 829 1015 de
860 948 971 1033 quibus
998 948 1031 1012 in
1058 948 1143 1013 hisce
1173 948 1389 1031 praesentibus

133 1052 234 1116 nulla
257 1053 341 1117 iacta
362 1052 554 1131 estmentio,
580 1052 726 1136 nullaque
744 1052 850 1139 *inlata
871 1050 1013 1136 specialis
1035 1051 1236 1134 providentia,
1268 1053 1300 1117 et
1322 1070 1389 1117 om·

135 1156 195 1220 nia
227 1156 318 1239 juxta
352 1154 495 1221 canonice
531 1155 688 1239 vigentem
723 1154 880 1221 Ecclesiae
911 1154 1107 1237 disciplinam
1130 1153 1212 1218 ultro
1235 1154 1387 1233 habenda,
1465 1154 1470 1160 ’

137 1259 309 1343 dirigenda
331 1261 364 1325 et
385 1258 569 1324 declaranda
592 1258 664 1325 sint.
784 1323 788 1330 f

250 1363 341 1428 Nunc
374 1351 449 1428 vero*
477 1362 661 1444 aspicientes
694 1361 725 1425 iu
759 1363 924 1427 auctorem
946 1360 1019 1428 fidei
1049 1361 1081 1426 et
1110 1360 1387 1425 consummatorem

135 1466 271 1544 Jesurn,
302 1464 354 1549 qni
377 1464 489 1531 intima
511 1466 611 1531 cordis
632 1464 740 1531 Nostri
762 1466 938 1545 scrutatur,
969 1464 1023 1547 qui
1047 1463 1132 1529 norit
1154 1481 1213 1546 quo
1236 1462 1388 1529 desiderio

137 1569 312 1653 flagremus
335 1568 487 1634 dilatandi
508 1569 639 1652 gloriam
658 1568 802 1635 Nominis
824 1566 946 1647 Solet
914 1586 1027 1651 equo
1049 1566 1191 1631 caritatis
1210 1584 1399 1632 moveamur.

140 1672 260 1737 affectu
285 1672 323 1737 ad
347 1673 589 1738 curandamt
538 1692 574 1737 ae
576 1676 695 1743 ternam
718 1672 911 1739 Slavicarum
942 1670 1083 1755 gentium
1110 1670 1262 1747 salntem,
1293 1687 1387 1751 qnam

140 1794 204 1841 non
228 1757 286 1841 alit
271 1776 319 1841 ter
341 1796 393 1843 eas
414 1776 535 1860 assequi
557 1794 645 1860 posse
668 1776 725 1843 nisi
747 1776 781 1839 in
801 1774 872 1841 sinu
887 1774 1067 1841 Catholicae
1082 1772 1239 1839 Ecclesiae
1255 1790 1386 1856 cognos-

142 1878 254 1956 cimus
275 1879 397 1945 firmam
418 1887 540 1963 prorsus
563 1880 708 1945 fiduciam
732 1879 871 1946 fovemus
885 1878 1016 1961 gentes'
1008 1895 1102 1960 ipsas,
1124 1894 1253 1960 quarum
1269 1876 1385 1941 bonum

141 1981 174 2045 ‘m
199 1980 249 2061 iis,
270 2001 348 2066 quae
372 1983 500 2049 aNobis
515 1986 588 2049 sunt
603 1984 735 2063 decreta,
760 1982 976 2066 spectavimus,
1001 1980 1079 2044 nihil
1093 1980 1198 2063 potius
1213 1979 1384 2057 habituras,

143 2104 238 2167 quam
260 2086 296 2149 ut
319 2085 391 2151 huic
414 2086 610 2169 spostolicae
633 2086 806 2151 Gathedrae
828 2104 920 2168 super
942 2103 1035 2168 quam
1058 2081 1385 2149 Ecclesia'aodifioata

144 2187 212 2263 est,
240 2186 354 2269 majore
383 2188 413 2251 ln
434 2189 500 2253 dias
521 2190 649 2255 devotae
671 2188 841 2254 voluntatis
862 2181 1007 2269 obsequio
1029 2186 1062 2250 et
1079 2186 1182 2250 studio
1200 2185 1383 2269 jungantur.
1418 2173 1421 2179 ’

145 2288 245 2353 Immo
267 2288 425 2372 Episcopis
448 2294 480 2356 et
502 2290 719 2357 Sacerdotibus
743 2290 824 2355 inter
846 2308 899 2354 eas
913 2307 1040 2355 numero
1055 2289 1166 2367 auctis,
1188 2285 1384 2370 quibusnnl-

41 2448 46 2453 .
146 2391 210 2455 lum
231 2410 368 2473 uuquam
388 2392 583 2477 Apostolicao
610 2413 702 2459 curae
732 2392 868 2459 officium
900 2394 1004 2457 deesse
1037 2392 1224 2475 partiemur,
1256 2390 1384 2458 minime

79 2562 86 2571 ,
147 2493 325 2559 dubitamus
359 2515 418 2561 non
452 2498 542 2562 modo
577 2496 757 2563 Catholicae
790 2496 945 2561 Ecclesiae
971 2495 1053 2561 filios
1074 2494 1133 2559 bac
1154 2494 1384 2578 opportunitate

48 2620 53 2627 ·
147 2616 272 2676 usuros,
303 2599 339 2663 ut
361 2598 462 2682 magis
484 2600 645 2685 magisque
668 2600 701 2665 in
727 2600 877 2683 religione
910 2601 942 2665 et
969 2599 1086 2682 pietate
1121 2597 1294 2682 proficiant,
1327 2598 1382 2663 sed

149 2700 240 2766 etiam
263 2691 359 2767 deviis
382 2702 551 2781 fratribus,¹
578 2702 631 2786 qui
661 2702 800 2785 eJ‘usdem
829 2701 887 2767 soli
913 2703 945 2768 et
965 2701 1101 2785 ejusdem
1124 2700 1273 2773 sermonis
1295 2719 1380 2766 com-

149 2804 288 2869 munione
310 2805 480 2884 sociantur,
503 2806 645 2872 stimulos
668 2806 809 2872 additum
830 2806 884 2884 iri,
908 2807 945 2870 ut
966 2806 1007 2870 ad
1028 2806 1095 2889 ejus
1119 2804 1228 2869 matris
1250 2823 1283 2869 se
1304 2805 1383 2870 reci·

150 2909 234 2993 piant
256 2909 377 2988 sinum,
402 2928 487 2994 ¹quae
521 2929 625 2976 omnes
658 2910 773 2995 pariter
805 2911 837 2975 in
867 2910 991 2976 Christo
1013 2910 1090 2975 Jesu
1111 2928 1165 2992 per
1186 2908 1382 2993 evangelium

152 3013 263 3097 gennit.
308 3012 437 3077 Annuat
458 3016 608 3097 propitius
630 3014 716 3081 dives
736 3015 769 3080 in
789 3012 999 3079 misericordia
1021 3013 1121 3092 Dens,
1148 3012 1201 3096 qni
1223 3012 1301 3079 facit
1324 3014 1382 3077 mi-

151 3116 257 3181 rabilia
279 3133 394 3200 magna
416 3115 508 3194 solus,
532 3117 571 3181 ad
594 3137 683 3200 quern
707 3118 866 3183 flectentes
887 3134 988 3200 genua
1007 3116 1040 3180 et
1054 3115 1259 3198 expandentes
1273 3135 1383 3182 manus

153 3220 217 3285 vota
238 3219 338 3284 cordis
358 3219 465 3285 Nostri
487 3219 605 3286 fervida
628 3220 817 3300 extollimus,
845 3223 881 3286 nt
902 3220 963 3303 ipsi
981 3218 1076 3286 etiam
1097 3219 1243 3301 caelestis
1262 3220 1383 3304 gratiae

153 3323 262 3387 lumina
284 3322 416 3405 perfusi,
449 3322 558 3386 fractis
590 3324 695 3389 miseri
727 3322 848 3388 dissidii
870 3322 1003 3407 laqueis,
1035 3341 1141 3388 vemm
1164 3323 1242 3389 ovile
1265 3322 1383 3389 Christi
1436 3330 1439 3335 “

154 3425 376 3509 ingrediantur,
407 3426 503 3508 utque
532 3428 727 3491 occurrentes
757 3426 790 3490 in
819 3425 972 3492 unitatem
994 3424 1084 3505 fidei,
1117 3426 1181 3493 sint
1212 3425 1383 3492 Nobiscum

155 3548 240 3593 unum
263 3547 372 3612 corpus
395 3530 427 3594 in
451 3528 583 3596 Christo,

249 3632 449 3699 Decernimus
471 3634 596 3699 tandem
621 3634 677 3711 has
699 3634 831 3700 Nostros
853 3634 975 3716 litteras
995 3632 1080 3699 nullo
1095 3655 1229 3719 unquam
1246 3631 1382 3719 tempore

157 3737 189 3802 do
210 3737 412 3821 subreptionis
434 3739 489 3803 ant
511 3738 698 3822 obreptionis
720 3738 805 3818 vitio,
830 3740 894 3804 sive
915 3738 1095 3803 intentionis
1113 3740 1246 3805 Nostrae
1261 3741 1383 3825 alioque

157 3841 251 3926 quovis
274 3841 396 3908 defectu
421 3843 520 3907 notari
551 3843 600 3908 vel
631 3842 808 3927 impugnari
836 3860 941 3925 possa,
974 3844 1008 3908 et
1041 3861 1161 3927 semper
1194 3844 1313 3910 validas
1346 3865 1383 3912 ae

157 3944 249 4010 firmas
271 3946 351 4024 fore,
385 3964 515 4029 suosque
548 3937 675 4011 effeetus
707 3946 740 4010 in
773 3946 915 4011 omnibns
945 3945 1083 4011 obtinere
1105 3965 1142 4011 ac
1163 3936 1383 4015 inviolabiliter

158 4048 299 4115 observari
317 4048 437 4143 debere.
483 4050 552 4115 Non
580 4048 776 4115 obstantibus
800 4050 984 4132 Apostolicis
1007 4051 1099 4134 atque
1121 4050 1154 4115 in
1176 4051 1383 4136 synodalibus,

159 4151 381 4235 prouincialibus
411 4153 443 4217 et
477 4153 700 4218 universalibus
730 4152 874 4217 Conciliis
903 4153 995 4218 editis
1024 4154 1221 4238 generalibus
1243 4156 1292 4220 val
1313 4175 1383 4239 spe·

160 4254 277 4321 cialibus
310 4256 536 4335 sanctionibus,
570 4276 625 4322 nee
652 4276 712 4321 non
732 4258 871 4323 vetemm
894 4258 1013 4324 sedium
1037 4257 1233 4324 existentium
1255 4258 1327 4323 olim
1351 4259 1383 4323 in

161 4359 260 4426 Bosnia
287 4363 319 4426 et
348 4359 560 4445 Herzegovina
582 4362 614 4426 et
635 4360 819 4427 Missionnm
839 4381 875 4427 ac
898 4361 1113 4428 Vicariatuum
1135 4361 1382 4448 Apostolicorum
