3109 4859
158 96 223 168 228
277 116 390 175 mona
410 112 496 173 ΧΙΙΙ,
514 118 611 171 conat.
627 114 666 169 de
685 119 822 171 cosdroe.
839 116 897 171 tat.
914 116 1008 184 episc.
1028 121 1058 171 et
1074 131 1138 187 rep.
1155 114 1296 187 duplice.

160 286 273 357 ceteris
294 287 407 354 debeat
428 286 592 371 praeterre.
620 322 663 335 -
684 284 835 367 Quamvis
866 286 916 351 illi
948 286 1028 352 banc
1058 286 1119 353 sibi
1151 288 1404 373 praerogativam

160 393 315 473 adserunt,
339 392 503 459 obscurum
526 392 631 457 tamen
654 409 713 455 non
738 391 796 468 ast,
819 389 903 455 haud
925 390 1008 456 leves
1026 390 1135 457 exinde
1156 393 1317 457 secuturas
1339 392 1404 457 dif-

159 498 315 563 ficnltates
338 498 371 562 at
392 495 584 567 offensores.
636 494 782 559 Ceterum
814 494 846 558 in
875 512 913 559 ea
940 494 978 559 de
1004 513 1066 578 qna
1095 514 1196 561 sermo
1224 498 1290 574 est,
1322 515 1404 561 nona

160 600 313 667 erectione
335 616 458 665 necasse
485 600 533 665 est
560 598 746 664 alterutrum
782 597 978 682 contingam
1013 595 1160 663 nimirum
1192 600 1230 665 ut
1259 600 1404 682 paroecia
1545 625 1547 628 ·

160 704 225 771 neri
246 702 396 783 nominis,
423 704 479 768 aut
501 722 587 769 mora
610 701 957 767 missioconstituatur.
1001 701 1034 767 si
1054 702 1189 786 primum
1210 702 1315 783 fieret,
1347 723 1429 787 per-

160 828 252 893 quam
286 808 421 873 alienum
452 810 533 873 esset
560 806 600 872 ab
632 806 787 873 Ecclesiae
809 804 975 890 disciplina
997 824 1014 872 e
1034 806 1182 891 religiosa
1203 806 1325 873 familia
1347 826 1402 871 ar-

160 912 308 979 cessitum
329 912 498 995 parcebam
524 910 689 995 praeterri3
711 910 758 976 sic
781 910 864 975 euim
882 910 953 992 jnre
974 910 1056 994 qood
1079 910 1169 976 modo
1191 909 1278 994 riget
1293 930 1404 979 arceo·

160 1017 213 1082 tur
234 1014 392 1100 regulares
414 1033 434 1097 a
455 1014 581 1097 parochi
602 1034 737 1094 munere,
761 1017 798 1081 ut
820 1012 898 1080 illud
920 1014 1096 1098 suscepturi
1118 1013 1207 1080 venia
1222 1015 1405 1098 apostolica
1545 1011 1547 1105 ᾗ

161 1118 332 1204 indigeant.
364 1118 413 1183 Ad
434 1137 496 1184 rem
521 1118 708 1184 Benedictus
730 1118 816 1184 xlv.
838 1118 871 1183 in
894 1118 1026 1185 Constit.
1057 1116 1136 1185 Οιιιιι
1151 1140 1260 1201 nuper,
1283 1120 1313 1182 6.
1326 1118 1404 1182 ldus

160 1222 345 1290 Novembris
370 1223 464 1302 1751,
490 1221 807 1304 ›Quapmadmodum
830 1224 942 1308 inquit,
964 1222 1073 1307 negari
1094 1222 1212 1306 nequit,
1244 1241 1281 1287 en
1303 1222 1408 1287 veteri-

163 1346 334 1393 »canonum
355 1327 436 1411 lege,
460 1327 626 1393 monachos
649 1327 681 1390 ct
703 1326 861 1412 regulares
883 1326 1082 1393 ecclesiarum
1105 1325 1329 1410 parochialium
1351 1345 1405 1391 re·

165 1431 309 1518 »gimims
329 1449 457 1515 capaces
478 1430 590 1509 subse,
619 1431 666 1497 ita
694 1432 814 1497 certum
837 1450 919 1497 nnnc
941 1432 990 1497 est
1012 1450 1048 1496 ex
1068 1430 1232 1521 recentiori
1251 1430 1405 1497 canonica

163 1535 346 1621 »disciplina
367 1535 568 1601 interdictum
583 1554 650 1601 esse
669 1536 876 1621 regularibus
885 1534 1101 1619 parochiarum
1117 1554 1224 1601 curam
1240 1534 1406 1600 adsumere

121 1623 128 1636 ’
163 1640 247 1707 »siue
267 1640 494 1725 dispensatione
517 1638 725 1723 Apostolus<
770 1639 853 1706 Hinc
874 1658 998 1707 sacrum
1021 1638 1190 1705 Consilium
1212 1635 1406 1704 Tridentinis

161 1743 293 1809 decretis
321 1742 562 1826 interpretandis
574 1742 597 1827 1)
631 1742 670 1807 ad
705 1742 835 1808 dubium
870 1762 929 1808 »an
962 1742 1159 1808 annuendum
1193 1741 1237 1807 sit
1260 1741 1406 1825 precibus

111 1922 114 1941 ι
163 1848 314 1913 »Petrum
349 1845 646 1930 Augustinianornm
680 1847 717 1911 de
757 1865 837 1913 uera
868 1846 1010 1931 paroecia
1042 1846 1153 1912 iisdem
1186 1843 1403 1913 concedenda«

161 1949 320 2033 rescripsit
342 1987 384 1997 —
404 1948 547 2035 negative
569 1950 757 2036 etamplius
782 1986 830 2016 -.
855 1950 910 2017 Sin
931 1952 1055 2030 antem,
1077 1949 1159 2033 quod
1180 1948 1314 2015 meando
1335 1949 1406 2015 loco

160 2053 336 2138 posuimus,
360 2072 449 2119 ¹mera
471 2053 577 2121 missio
599 2053 749 2138 erigitur,
777 2054 829 2139 jus
856 2056 941 2121 certe
962 2073 1023 2121 non
1045 2053 1133 2120 obest
1155 2052 1310 2137 religiosis
1328 2052 1407 2119 viris

105 2217 115 2229 ,
164 2176 202 2225 ue
223 2156 306 2223 inter
329 2176 380 2224 eos
403 2157 538 2243 eligatur
557 2159 678 2244 rector3
712 2160 763 2224 est
784 2178 823 2224 ne
842 2157 883 2224 iis
905 2158 1028 2242 quidem
1051 2159 1198 2243 praeferri
1212 2156 1407 2241 optantibus

162 2262 361 2347 suffragatur.
407 2262 485 2329 Rem
513 2262 619 2348 itaque
644 2262 799 2348 integram
829 2264 862 2329 et
883 2264 915 2329 in
938 2282 995 2328 sua
1014 2265 1168 2347 potestate
1191 2262 1323 2347 positam
1346 2282 1407 2346 ag·

161 2365 305 2451 grediens
328 2366 505 2451 Episcopus,
525 2366 670 2434 libertate
686 2387 742 2434 sua
756 2369 865 2434 ntatm
879 2369 1018 2451 oportet;
1043 2367 1098 2433 ubi
1116 2368 1199 2433 euim
1212 2366 1285 2452 jura
1300 2365 1406 2443 edent,

162 2470 230 2537 loeo
252 2469 333 2555 legis
355 2472 404 2539 est
420 2472 576 2538 Praesnlis
592 2472 779 2555 anctoritas;
803 2471 987 2555 praesertim
1001 2489 1073 2537 vero
1087 2469 1179 2555 quod,
1194 2471 1232 2535 ut
1242 2470 1406 2535 doctorum

162 2575 224 2641 lert
245 2574 409 2660 adagium,
438 2575 606 2660 Episcopus
622 2576 827 2643 'imbutionem
849 2574 941 2641 dedet
962 2576 1090 2657 injure
1108 2574 1278 2656 sumtum
1299 2572 1330 2637 in
1355 2592 1408 2637 ra-

162 2678 220 2743 tus
249 2678 407 2757 omnibns,
441 2696 519 2769 quae
553 2679 592 2745 ad
627 2679 791 2745 dioecesim
824 2698 913 2745 snam
944 2676 1225 2745 administrandam
1257 2676 1405 2743 attinent.

163 2782 369 2864 Quamobrem
387 2776 539 2866 praelatio
553 2783 655 2868 quoad
671 2802 781 2849 novam
796 2782 984 2862 missionem,
1000 2802 1019 2847 a
1034 2781 1243 2867 Regularibus
1257 2779 1404 2865 expetita,

130 2934 144 2947 ,
162 2887 218 2952 aut
241 2886 326 2952 nullo
341 2885 421 2970 juris
443 2886 580 2953 subsidio
601 2885 741 2966 fulcitur,
765 2888 821 2953 ant
843 2886 875 2952 in
898 2886 1048 2952 disertam
1066 2886 1149 2971 juris
1171 2882 1406 2969 dispositionem

163 2989 302 3058 effendit.

266 3092 411 3160 Officium
432 3093 599 3161 curationis
619 3095 793 3162 animarum
808 3094 971 3161 sedulitati
985 3093 1188 3178 Regularium
1205 3092 1405 3161 commissura

164 3197 243 3264 alias
270 3197 366 3265 ctiam
389 3197 597 3265 dubitationes
617 3198 740 3285 gignit;
765 3218 880 3283 eaeque
895 3199 964 3265 loca
979 3199 1124 3282 spectant
1139 3196 1253 3263 linibus
1266 3216 1405 3281 compre·

164 3302 260 3369 hensa
281 3302 462 3371 missionum
484 3323 562 3400 qaae
583 3305 624 3370 ab
646 3303 723 3388 ipsis
745 3305 906 3388 reguntur.
937 3302 1046 3386 Coepit
1066 3300 1149 3367 enim
1164 3302 1283 3387 ambigi
1298 3304 1404 3367 utrum
1545 3353 1547 3375 .

163 3406 348 3472 coemeteria
369 3406 402 3472 ct
423 3406 475 3489 pia
496 3406 582 3485 loca,
614 3406 699 3473 intra
726 3406 804 3473 fines
830 3406 958 3473 illarum
975 3406 1055 3486 sita,
1086 3405 1254 3490 Episcopus
1275 3406 1404 3471 viciare

162 3508 269 3593 possit.
315 3509 375 3574 Ast
404 3508 438 3573 in
467 3509 658 3575 coemeteriis
691 3510 794 3577 facilis
828 3529 865 3575 ac
898 3529 994 3594 prona
1025 3509 1164 3593 suppetit
1195 3506 1404 3573 distinctionis
1545 3521 1546 3528 ’

163 3611 299 3696 adeoque
322 3611 475 3678 finiendae
498 3612 723 3680 controversiae
745 3613 836 3680 ratio.
871 3614 952 3680 Nam
974 3613 1002 3678 ei
1024 3613 1061 3677 de
1083 3612 1275 3678 coemeteriis
1290 3611 1404 3695 agatur

162 3735 241 3801 quac
264 3715 336 3781 solis
359 3715 511 3799 religiosis
534 3714 661 3781 familiis
682 3719 896 3795 reservantur,
932 3736 968 3783 aa
997 3717 1087 3801 plane
1116 3716 1156 3781 ab
1185 3713 1328 3799 Episcopi
1351 3714 1404 3799 ju·
1545 3779 1546 3782 ,

162 3819 355 3898 riadietione,
376 3818 562 3904 proindeque
583 3838 602 3887 a
625 3819 806 3887 visitatione
827 3823 970 3905 exempta
990 3822 1081 3898 suut;
1111 3822 1215 3886 cetera
1237 3837 1308 3890 vero
1328 3817 1404 3883 ilde
1545 3801 1547 3892 ῗ

162 3924 240 3989 lium
263 3922 458 3991 multitudini
480 3924 674 4004 communia,
708 3944 805 4008 quum
836 3943 897 3990 ono
918 3924 1024 3990 ordine
1045 3924 1156 3990 haberi
1177 3922 1311 3989 debeant
1332 3940 1404 3987 cnm
1545 3955 1547 3978 ι

162 4026 354 4093 coemeteriis
374 4026 607 4110 paroecialibus,
627 4026 841 4111 jurisdictioni
865 4027 1111 4094 Ordioariorinm
1133 4023 1405 4091 subsunt-indubi·
1545 4027 1546 4030 ’

161 4131 237 4208 tate,
261 4148 298 4195 aa
316 4133 477 4213 propterea
499 4131 614 4215 optime
633 4132 704 4215 jure
719 4133 759 4198 ab
778 4133 927 4217 Episcopo
939 4132 1118 4211 visitantur,
1141 4128 1404 4216 quemadmodum
1545 4141 1547 4208 ι

161 4232 274 4307 statuit
303 4233 489 4301 Benedictus
512 4233 596 4300 XIV.
627 4234 660 4300 in
693 4234 825 4303 Constit.
857 4234 1046 4303 Firrnocdc's
1066 4235 1096 4301 8.
1120 4234 1195 4299 Idus
1217 4232 1403 4300 Novembris

130 4534 150 4555 ι,
266 4462 292 4532 1)
310 4462 344 4519 In
361 4458 475 4519 tannen.
494 4462 782 4519 dismembrationa‘s
800 4460 844 4517 25.
861 4457 964 4516 Januar
983 4458 1060 4515 isra.
