3109 4859
110 92 183 147 Lit.
201 83 299 163 apost.
315 93 396 163 quib.
410 92 587 148 hierarchia
602 94 694 163 episc.
706 95 742 147 in
755 91 875 147 Bosaia
888 98 918 147 ct
932 91 1056 163 Herzep.
1071 94 1259 149 instituitur.
1298 75 1361 140 437

111 264 260 332 studium
284 264 398 331 defecit
419 266 626 331 Romanorum
651 263 852 342 Pontificum,
885 264 939 347 qui
969 264 1051 331 curis
1082 265 1212 331 conlatis
1233 267 1271 331 ad
1295 285 1361 332 aar·

112 369 231 435 alenda
252 368 379 448 damna,
411 368 450 433 ad
479 368 582 433 ruinas
610 368 798 446 IuloIendas,
828 386 948 432 emnem
969 386 1092 451 operam
1115 368 1226 435 dedere
1247 371 1362 453 partim

111 472 258 538 selandia
279 472 399 538 miseris
419 472 451 536 et
471 470 646 555 jacentibus
668 469 839 556 erigendis,
863 470 977 553 partim
996 471 1198 548 instituendis
1218 472 1257 537 ad
1280 461 1362 538 ch'ri-

110 576 240 643 stianae
260 576 343 641 vitae
369 592 467 640 mores
488 574 615 640 rudibus
639 575 701 640 illis
725 574 887 652 convenis,
914 576 950 638 ut
972 594 1008 639 ex
1030 576 1074 642 eis
1096 577 1256 660 tamquam
1276 576 1363 642 vives

111 680 239 764 lapides
259 679 366 746 honori
387 677 557 762 spiritualis
579 678 706 759 demus,
736 680 777 743 et.
797 678 914 744 nobiles
945 678 1132 746 christianae
1156 679 1363 745 humanitatis

114 785 262 849 alumnos
285 784 363 849 bono
386 782 485 849 civrlis
508 782 665 848 societatis
688 781 865 847 conflarent.
895 780 952 846 lit
977 800 1051 849 sane
1074 784 1198 849 saecule
1220 783 1361 867 septimo,

112 906 218 971 quum
233 885 329 952 Servii
353 887 384 951 et
406 884 536 951 Orestae
559 904 575 950 e
599 884 776 968 Carpathiis
799 884 956 951 montibus
978 886 1108 969 profecti
1129 886 1163 950 in
1185 885 1362 971 regionibus

113 989 292 1069 Slavoniaa
316 989 478 1068 croatiae·
492 987 626 1069 Serviae,
650 988 827 1083 Dalmatiae
843 991 876 1055 et
889 988 1000 1055 Istriae
1022 989 1110 1055 sedes
1132 1009 1204 1055 suas
1218 990 1362 1075 figerent,

115 1092 337 1160 Joannesrv.
367 1092 510 1159 Pontifex
544 1092 699 1159 Maximus
733 1093 808 1158 dum
842 1093 999 1159 Ecclesiae
1028 1095 1184 1159 Romanae
1213 1093 1363 1160 fundebat

114 1216 193 1281 opes
216 1196 247 1261 iu
269 1198 410 1263 levamen
441 1216 561 1276 eorum,
593 1216 668 1280 quos
703 1197 816 1262 misera
845 1198 979 1262 servitus
1008 1186 1182 1282 premebat,
1214 1216 1252 1262 ao
1273 1217 1362 1263 sanc-

115 1303 224 1367 torum
246 1300 416 1386 Martyrum
445 1300 585 1385 reliquis
606 1302 710 1366 tutam
730 1300 843 1384 quietIs
865 1301 968 1367 sedem
999 1301 1102 1384 parari
1136 1301 1278 1381 curabat,
1314 1301 1362 1366 sui
1405 1350 1412 1360 .

116 1407 214 1471 etiarn
239 1395 375 1469 muneris
399 1405 520 1470 duxerit
543 1423 689 1471 neverum
712 1423 917 1471 convenarum
945 1404 1041 1469 saluti
1063 1406 1235 1484 consulere,
1271 1405 1363 1470 misso

117 1510 159 1575 ad
183 1528 234 1574 eos
257 1508 391 1574 Martiae
414 1509 526 1587 Ababa,
549 1509 614 1575 viro
634 1509 838 1587 sanctissIma
858 1507 911 1593 qui
930 1508 1012 1591 ipsos
1029 1527 1064 1573 ex
1080 1528 1215 1574 errorum
1229 1509 1364 1575 tenebris

117 1614 158 1679 ad
183 1613 379 1698 evangelicae
401 1611 543 1677 veritatis
565 1612 666 1677 lucem
689 1612 856 1679 adduceret
868 1614 901 1696 1).
933 1612 1043 1697 Neque
1065 1632 1136 1678 vere
1157 1611 1362 1678 dubitandum

119 1720 180 1795 est,
203 1716 276 1799 quin
300 1715 442 1800 Episcopi
466 1716 497 1781 et
518 1714 699 1795 Sacerdotes
719 1735 755 1783 ex
777 1717 854 1782 urbe
876 1717 975 1782 Roma
999 1716 1086 1782 missi
1102 1717 1141 1782 ab
1157 1716 1264 1782 eedem
1279 1716 1361 1781 Pon·
1424 1727 1427 1732 ’

118 1820 371 1905 tricenisque
393 1809 539 1903 proximis
562 1820 627 1903 ejus
650 1818 899 1897 Successoribus‚
929 1819 969 1884 ad
998 1819 1101 1885 omnia
1122 1820 1251 1903 pietatis
1272 1837 1374 1902 opera„

109 1911 315 1991 'instituerim
338 1943 389 1990 eos
411 1922 573 1990 Slavoniae
593 1924 730 2008 populos,
755 1922 809 2007 qui
831 1923 1049 1994 meridIonales
1070 1924 1212 2004 audiunt,
1233 1923 1363 2007 illosque

119 2029 243 2094 lavacro
276 2027 519 2112 regenerationis
554 2027 689 2111 expiatos
719 2046 779 2092 una
799 2046 869 2093 cum
891 2028 1010 2093 duobus
1032 2028 1228 2111 Principibus
1251 2028 1363 2093 Perino

120 2134 152 2199 st
183 2133 302 2216 Perga,
333 2134 494 2215 tamquam
522 2131 676 2215 primitias
700 2134 901 2215 cognatarum
925 2132 1082 2215 gendum,
1116 2131 1150 2197 in
1178 2132 1258 2198 evile
1284 2131 1362 2197 Jesu

124 2234 241 2300 (lbrIsti
264 2235 437 2319 exceperint
446 2235 483 2318 ²).

225 2338 311 2403 Haec
344 2353 432 2421 porro
467 2336 741 2404 Praedonessorum
774 2338 958 2403 Nostrorum
989 2337 1166 2403 sollicitudo
1199 2337 1363 2423 insigniter
1445 2387 1449 2406 .

123 2440 217 2525 etlam
241 2440 336 2506 eluxit
359 2440 590 2525 insequentibus
614 2441 762 2520 saecuta,
792 2441 904 2525 quibus
927 2441 1029 2506 studIe
1051 2442 1259 2508 Romanorum
1283 2442 1364 2506 Pen-

122 2542 241 2608 tifieum
264 2543 451 2623 nicolaii..
483 2545 633 2610 Hadriani
654 2546 697 2611 Π.
727 2546 760 2609 et
786 2544 915 2610 Joannis
939 2545 1037 2622 VIII,
1058 2544 1251 2628 adjutoribus
1274 2549 1363 2610 sarre-

123 2647 253 2721 tissimis
275 2646 350 2725 viris
373 2647 488 2732 cyrillo
509 2648 541 2712 et
562 2648 720 2714 blethodie
743 2648 900 2732 germanis
930 2648 1097 2728 iratribus,
1129 2667 1260 2731 quorum
1290 2647 1363 2714 reli·

124 2750 244 2834 gionem
268 2749 299 2814 et
327 2750 446 2815 cultum
480 2769 591 2836 magno
626 2771 695 2817 oum
727 2751 824 2817 animi
854 2752 963 2817 Nostri
996 2752 1107 2817 solatio
1139 2770 1236 2835 nuper
1267 2751 1364 2816 latius

124 2852 336 2937 proterendum
353 2866 355 2873 “
371 2854 605 2939 augendumque
641 2856 837 2935 censuimus,
871 2855 1012 2921 Slavicae
1047 2856 1176 2939 gentes,
1212 2874 1290 2937 quae
1323 2855 1363 2919 ab

125 2957 227 3021 austro
250 2955 289 3021 ad
313 2956 437 3023 beream
459 2958 632 3041 pertinent,
652 2959 772 3042 plenius
793 2960 963 3024 hauserunt
987 2958 1182 3043 evangelicae
1205 2958 1363 3023 doctrinae

83 3046 87 3052 ’
125 3059 236 3139 lumen,
260 3075 462 3144 aspersam
485 3061 525 3128 ad
547 3061 719 3130 humanum
741 3062 924 3145 civilemque
947 3062 1065 3127 cultum
1088 3061 1249 3141 deductae,
1273 3079 1364 3127 sanc-

125 3162 188 3234 tam
207 3163 367 3248 religionis
387 3166 420 3229 et
436 3164 579 3249 justitiae
600 3167 731 3232 formam
751 3166 920 3232 induerunt
943 3164 966 3249 ).

226 3266 328 3347 Quum
350 3268 449 3352 igitur
470 3268 649 3335 slavonicae
672 3273 780 3354 gentes
802 3271 916 3354 mirum
931 3269 963 3333 in
978 3268 1105 3335 modum
1121 3268 1161 3333 ad
1177 3268 1363 3335 catholicam

126 3369 287 3434 veritatem
316 3387 480 3437 conversae
503 3373 535 3437 in
557 3374 802 3439 communionem
823 3374 895 3439 fidei
915 3374 948 3437 et
967 3372 1109 3437 caritatIs
1133 3391 1203 3436 cum
1227 3373 1361 3454 Aposto-

126 3472 184 3536 IIca
206 3470 283 3537 Sede
306 3474 469 3554 venissent,
491 3480 610 3541 arctam
629 3495 699 3541 curn
723 3496 758 3543 ea
774 3476 1032 3561 conjuncturam,
1047 3475 1154 3541 hitalia
1170 3474 1265 3540 audii
1278 3476 1362 3541 nexi-

128 3575 180 3640 bus
201 3575 375 3657 devinctae,
400 3577 453 3643 diu
476 3580 689 3661 retinuerunt,
712 3583 800 3647 etex
821 3581 892 3659 illa,
924 3580 1005 3644 unde
1026 3580 1130 3644 unitas
1152 3578 1362 3654 sacerdotalis,

128 3679 203 3744 unde
222 3679 330 3762 salutis
353 3681 494 3747 doctrina
516 3686 623 3749 manat
645 3686 677 3749 in
700 3686 803 3750 totum
826 3686 947 3763 orbern,
971 3685 1131 3767 tamquam
1155 3679 1256 3747 evivo
1278 3683 1362 3746 fonte

128 3783 200 3847 roris
223 3784 365 3850 caelestis
388 3786 559 3853 hauserunt
587 3789 773 3856 ubertatem.
831 3789 947 3873 Regnis
979 3788 1041 3851 imo
1075 3805 1110 3851 ac
1140 3785 1363 3869 principatibus

129 3884 237 3951 Slavici
258 3888 391 3954 neminis
414 3891 608 3982 constitutis,
630 3892 765 3976 positum
789 3893 821 3957 in
843 3910 927 3957 more
950 3890 1010 3954 luit
1031 3889 1221 3956 SlavIcorum
1242 3890 1362 3972 Regum

130 3990 158 4054 et
178 3990 365 4075 Principum,
387 3994 424 4059 ut
446 3995 478 4059 in
501 3995 593 4060 fidem
617 3998 648 4061 et
663 3997 797 4061 tutelam
813 4014 879 4061 sese
894 3995 1065 4077 reciperent
1077 3990 1368 4069 beatissimePetri,

130 4112 196 4176 qum
219 4095 410 4160 colebantin
441 4099 542 4181 Ipsius
571 4099 825 4178 Successoribus‚
860 4100 966 4182 utpote
1001 4096 1165 4162 heredibus
1197 4094 1363 4179 potestatis

228 4251 253 4319 I)
272 4252 352 4306 Liber
372 4253 473 4309 Pontii.
492 4218 616 4310 511]an
635 4256 681 4310 IV.
1201 4319 1206 4330 .

225 4336 252 4405 2)
272 4336 433 4394 Constantia
452 4340 654 4411 Porphyrogeu.
667 4341 699 4395 de
713 4340 865 4407 administr.
874 4340 960 4409 imper
970 4354 1026 4407 cap.
1037 4334 1124 4400 XXX,
1135 4332 1236 4398 XXXI,
1248 4332 1365 4387 XXXII.

226 4424 253 4491 3)
271 4422 350 4479 Joan.
370 4425 445 4482 VIII.
465 4443 506 4496 ep.
524 4426 558 4482 ad
577 4427 701 4483 Michail.
716 4426 852 4481 Borisium
870 4442 962 4495 regern
981 4424 1094 4492 Bulgar.
