3109 4859
103 46 183 101 Lit.
206 50 304 115 apost.
319 45 400 117 quib.
414 16 592 101 monarchia
606 46 745 115 spissia
758 42 878 107 Bosnio
890 48 919 97 et
933 44 1057 117 Herzog.
1072 48 1260 103 instituitur.
1303 29 1367 95 439

104 220 231 286 colans
253 220 308 298 V,
344 218 397 302 qui
431 216 545 301 partim
579 216 678 282 crebis
708 218 915 302 legationibus
938 220 970 284 et
992 218 1169 303 apostolicis
1189 219 1305 285 litteris
1327 218 1374 286 ad'

102 324 285 407 Principes
305 340 340 387 ac
361 322 524 387 Praesoles
546 320 659 398 missis,
682 322 795 404 partim
819 322 915 388 sacris
938 322 1183 405 expeditionibus
1207 323 1366 406 bominum

106 425 371 511 apostolicorum,
397 424 450 509 qui
466 425 530 491 zelo
550 424 717 509 flagrantes
733 426 907 493 animarum
927 428 1058 492 salutem
1077 428 1229 507 curarent,
1252 427 1366 510 partim

105 530 298 614 frequentia
321 528 514 613 mensionum
538 548 591 611 pro
614 528 663 593 his
686 530 803 612 passim
825 530 1032 611 conditarum,
1055 550 1133 615 quae
1144 531 1265 597 loturae
1278 534 1367 598 erant

107 635 242 701 nobiles
263 633 424 718 religionis
445 634 476 699 et
498 633 720 700 sanctimoniae
742 634 840 715 sedes,
864 635 943 701 illud
965 637 1218 719 praestituerunt,
1241 638 1278 703 ut
1299 656 1365 703 cor·

108 740 232 823 ruptas
253 738 412 805 hominnm
435 740 565 817 mentes,
593 738 646 822 qui
669 758 786 805 errores
810 739 890 805 inter
913 740 944 805 et
964 740 1047 805 male
1070 740 1367 820 moruminvetera.

109 844 249 923 verant,
283 842 396 908 sensim
417 842 456 907 ed
479 860 572 907 suave
591 842 702 927 jugum
726 843 922 928 evangelicae
944 844 1023 929 legis
1044 845 1237 911 subeundum
1260 846 1366 914 infisc-

110 948 235 1014 terent.
280 946 375 1031 Cujus
397 946 443 1013 rei
463 946 605 1026 laudem,
628 946 712 1012 haud
735 947 847 1033 exigua
869 966 905 1013 ex
927 950 1028 1031 parte,
1055 949 1116 1014 sibi
1138 948 1297 1016 vindicant
1317 970 1366 1017 so-

112 1051 209 1117 dales
229 1069 246 1117 e
267 1048 421 1135 religiosis
443 1050 571 1117 familiis
591 1054 765 1116 sanctornm
789 1052 945 1117 Francisci
964 1054 997 1118 et
1013 1052 1175 1133 Dominiei,
1197 1072 1232 1118 ex
1255 1055 1365 1138 quibus

111 1174 181 1221 non
205 1155 307 1239 pauci,
327 1154 367 1220 eb
390 1154 555 1221 haereticis
579 1155 668 1236 caesi,
692 1155 858 1239 gloriosam
878 1176 933 1239 pro
954 1156 1071 1223 Christi
1093 1158 1216 1223 nomine
1233 1160 1365 1226 mortem

113 1258 327 1344 oppetierunt.
460 1269 464 1276 “

226 1372 292 1437 Nec
315 1370 438 1437 destitit
464 1360 589 1436 interim
618 1372 693 1437 haec
722 1370 836 1437 Sancta
865 1370 960 1438 Sedes
990 1371 1067 1437 duas
1093 1372 1164 1437 illas
1192 1374 1365 1456 provincias

114 1476 192 1541 aliis
214 1476 307 1559 atque
330 1474 401 1540 eliis
424 1475 594 1541 benefactis
618 1476 755 1556 allicere,
780 1475 912 1541 maxime
935 1495 970 1541 ex
994 1494 1029 1543 eo
1051 1478 1189 1560 tempore
1210 1497 1269 1559 quo
1291 1498 1363 1566 reg-

115 1600 195 1645 num
220 1579 406 1645 Bosniaoum
430 1579 491 1644 luit
514 1578 727 1646 constitutum.
773 1578 899 1645 Scilicet
920 1599 1015 1663 quum
1038 1566 1160 1646 saeculo
1174 1580 1271 1658 XIV..
1293 1600 1366 1647 con-

117 1702 210 1749 cessu
243 1683 390 1749 Ludoriei
412 1685 508 1770 Regis
531 1684 730 1769 Burgenae,
765 1682 942 1767 Stephanus
977 1669 1134 1749 Tharthus
1156 1684 1210 1768 qui
1234 1685 1365 1750 Bosniae

118 1790 273 1871 praeerat,
296 1788 422 1855 Bannus
445 1808 550 1854 eorum
574 1788 684 1873 lingue
706 1789 897 1872 appellatus,
922 1789 1139 1872 assumpsisset
1159 1788 1223 1871 ipse
1245 1788 1365 1873 regium

118 1910 232 1958 nomen
257 1893 289 1957 et
311 1893 441 1973 cultum,
465 1892 587 1977 adjecto
611 1893 721 1959 ditioni
744 1912 818 1959 suae
840 1894 1016 1979 principatu
1038 1893 1177 1959 Culmiae
1199 1893 1231 1957 in
1250 1894 1366 1959 Heras·

119 1994 281 2079 govinensi
302 1996 415 2077 tractu,
439 1996 493 2080 qui
508 1995 539 2062 S.
551 1995 650 2063 Sabae
662 1997 793 2063 ducatus
806 1997 902 2063 etiam
920 1997 1090 2075 dicebatur,
1114 2016 1151 2062 ex
1170 2015 1205 2062 eo
1228 1999 1365 2081 tempore

121 2099 278 2165 Romanos
310 2094 477 2166 Pontifices
503 2100 623 2185 jugiter
654 2101 809 2184 appellare
840 2120 990 2185 opemque
1010 2120 1118 2185 rogare
1142 2102 1365 2167 consueverunt

124 2202 253 2268 Bosniac
275 2203 386 2285 Reges,
409 2203 442 2267 in
461 2204 604 2268 maximio
626 2223 663 2269 ac
684 2204 865 2269 necessariis
887 2205 932 2270 rei
948 2204 1089 2287 publicae
1105 2205 1295 2288 temporibus
1310 2222 1365 2269 neo

121 2302 186 2367 illis
206 2322 342 2387 unquam
363 2323 382 2370 e
405 2305 622 2371 Decessoribus
645 2307 769 2372 Nostris
793 2306 931 2385 consilia,
955 2304 1086 2387 auxilia,
1109 2308 1237 2387 solatia,
1261 2307 1364 2372 omnia

124 2406 247 2471 demum
276 2408 422 2491 paternae
453 2410 615 2475 eharitatis
639 2410 741 2477 officia
760 2411 934 2476 defuerunt.
979 2411 1082 2494 Hujus
1105 2410 1150 2475 rei
1171 2410 1286 2495 insigni
1310 2410 1363 2475 do·

124 2511 265 2575 comente
288 2513 335 2578 est
359 2510 527 2579 Catharina
546 2515 677 2601 Bosniae
700 2515 820 2600 Regina
839 2515 981 2594 illustris,
1005 2535 1084 2599 quae
1106 2515 1226 2599 patriae
1246 2514 1362 2580 exoldio

124 2613 340 2697 impendente,
364 2616 470 2682 tutum
502 2616 535 2681 in
571 2618 628 2683 bac
662 2620 745 2684 alma
779 2619 862 2686 Urbe
894 2621 1017 2705 asylum
1047 2608 1079 2685 st
1102 2637 1121 2683 e
1144 2618 1363 2684 Decessoribus

126 2718 246 2784 Nostris
264 2705 393 2803 dignum
415 2739 470 2786 suo
492 2720 617 2808 fastigio
648 2722 766 2788 cultum
797 2725 889 2789 nacta
922 2726 985 2804 est,
1020 2723 1157 2807 quaeque
1191 2724 1363 2805 propterea,

127 2822 222 2886 morte
244 2824 426 2906 appetente,
457 2826 490 2890 in
510 2827 662 2910 supremis
686 2828 867 2893 testamenti
889 2828 1022 2905 tabulis,
1051 2827 1163 2911 quibus
1191 2826 1362 2891 Romanam

127 2922 232 2989 Sedem
256 2926 398 2992 Bosnieci
419 2928 507 3013 regni
527 2928 671 2995 heredem
691 2929 893 3007 instituebat,
924 2929 1061 3013 gratiam
1090 2929 1150 2993 sibi
1181 2928 1363 3012 praest'tam

128 3046 161 3092 ac
189 3029 433 3123 munificentiam
464 3033 496 3096 in
526 3052 558 3099 se
588 3033 733 3099 collatam
764 3052 783 3098 e
805 3032 941 3099 Summis
965 3032 1167 3102 Pontificibus
1192 3032 1248 3097 Pio
1266 3032 1308 3097 Π.
1331 3032 1363 3097 st

127 3129 204 3198 Sixto
226 3133 279 3201 IV.
300 3134 414 3200 diserte
436 3136 736 3203 commemorandam
756 3138 876 3202 censuit
888 3136 921 3221 1).

223 3244 283 3311 Sed
306 3246 387 3311 inter
410 3245 533 3313 sedulas
560 3266 666 3327 curas,
698 3266 774 3331 quas
801 3248 982 3333 Apostolioa
1008 3246 1102 3313 Sedes
1123 3246 1156 3312 in
1179 3245 1361 3312 Bosnieoses

129 3347 265 3427 eontulit,
291 3350 439 3415 memoria
461 3350 623 3435 praecipue
641 3351 770 3435 dignum
793 3354 842 3418 est
863 3351 1001 3441 studium
1023 3350 1119 3429 illud,
1142 3350 1223 3434 quod
1245 3350 1360 3434 pluries

131 3448 252 3515 Romani
274 3452 439 3519 Pontifices
465 3454 708 3538 praetulerant
729 3456 762 3520 in
783 3475 819 3522 ea
841 3456 966 3541 regions
989 3454 1360 3521 ecelesiasticam-hierar·

130 3553 222 3619 obiam
252 3556 493 3639 const'tuerunt,
530 3560 670 3644 eugendo
702 3579 811 3643 nempe
840 3560 908 3626 tum
933 3560 1085 3626 dioeceses
1112 3560 1181 3623 tum
1202 3577 1360 3624 sacrorum

132 3657 308 3723 Antistitum
331 3678 501 3741 numerum,
525 3666 616 3745 prout
638 3682 741 3729 rerum
763 3663 898 3729 conditio
921 3664 953 3727 et
975 3644 1080 3729 utilior
1102 3663 1146 3727 rei
1170 3680 1275 3727 sacrae
1290 3680 1360 3744 pro-

131 3760 237 3847 curatio
264 3762 344 3845 apud
376 3764 558 3832 Bosnieoses
587 3768 743 3850 postulare
774 3768 948 3833 ridebatur.
992 3765 1124 3829 lndubia
1147 3764 1228 3829 enim
1252 3784 1359 3829 monu-

131 3864 224 3930 menta
246 3865 418 3949 testentur,
441 3872 605 3954 postquam
624 3868 764 3935 Slavieae
787 3871 910 3954 gentes,
934 3888 1012 3952 quae
1035 3868 1203 3932 australem
1224 3866 1359 3953 regionis

132 3968 238 4051 partem
260 3970 450 4051 incolebant,
474 3973 642 4038 catholicae
666 3974 793 4056 pietatis
815 3974 908 4037 fidem
932 3991 1107 4056 suscepere,
1130 3989 1177 4036 res
1200 3989 1304 4036 sacras
1326 3971 1359 4035 in

133 4074 310 4157 amplissime
329 4075 385 4140 illa
407 4076 531 4159 regione
554 4076 645 4161 longo
669 4078 842 4161 temporum
863 4096 956 4143 eursu
973 4076 1065 4140 dolus
1078 4061 1203 4139 tentum
1217 4074 1359 4158 Episcopi

132 4176 268 4261 regimine
290 4180 384 4246 fuisse
405 4180 647 4260 administratas,
670 4182 723 4265 qui
746 4200 801 4265 pro
823 4180 953 4268 publicis
969 4200 1073 4245 eorum
1089 4165 1224 4244 locorum
1240 4178 1358 4245 vicibus

222 4384 248 4452 l)
267 4346 426 4440 Assemanui
444 4386 497 4441 kal.
518 4386 586 4442 Ecel.
606 4389 679 4442 uuir.
698 4391 763 4443 tom.
783 4389 815 4451 V,
834 4386 945 4457 pert.,I,
962 4403 1019 4455 cap.
1037 4385 1090 4450 III,
1108 4401 1171 4454 pag.
1189 4385 1231 4438 96.
1306 4414 1310 4430 ,
