3109 4859
139 197 144 201 .
260 135 373 203 teones
390 134 475 199 XIII.
494 149 588 198 nonest.
605 137 642 199 de
661 138 798 199 controv.
816 139 873 197 aaa.
892 139 983 211 epten
1001 144 1029 198 et
1049 145 1112 213 rep.
1131 137 1269 214 Anpttoe.
1323 118 1387 189 235

156 318 279 395 babeat,
303 322 338 381 a'c
360 318 548 383 liberalitate
564 316 784 400 fidelispopnli
798 318 888 382 unice
904 318 957 381 ant
978 315 1173 399 potissimum
1188 318 1388 384 sustentetur.

156 424 243 488 Tunc
266 421 347 486 enim
374 422 537 505 largitores
565 421 691 505 putandi
718 422 818 487 forent
838 420 969 486 voluisse
991 420 1148 485 consulere
1169 420 1271 485 cultus
1294 419 1390 485 divini

156 526 306 609 splendori
333 528 365 615 et
387 525 544 609 religionis
568 526 731 608 dignitati,
762 544 798 590 ea
826 526 945 589 ratione
968 526 1000 589 et
1021 524 1111 589 modo
1132 544 1223 608 quem
1246 524 1390 592 ecclesia-

156 632 235 695 stica
257 630 426 695 auctoritas
448 630 631 695 decerneret.
678 630 749 694 Ideo
786 630 867 712 apud
903 629 1087 694 christianos
1119 629 1290 712 primaeuos
1321 630 1389 712 lege

157 736 282 800 cautum
305 735 406 800 fuerat
425 736 460 798 ut
482 734 611 816 pecunia
630 734 730 797 omnis
750 727 833 798 dono'
850 734 986 816 accepta,
1010 733 1093 798 inter
1114 732 1293 809 Ecclesiam,
1317 732 1390 815 Epi-

157 856 291 921 scopum,
317 836 449 902 Clerioos
471 839 502 901 et
525 848 635 919 egenos
658 837 855 902 diuideretur.
886 828 978 921 Legis
1000 856 1090 919 porro
1112 855 1179 903 sese
1194 836 1390 919 interponens

157 942 334 1019 auctoritas,
359 941 385 1004 si
407 926 608 1024 largitionum
627 942 766 1024 tempora
790 944 822 1005 et
844 960 952 1005 causas
973 941 1171 1024 praestituat,
1192 940 1270 1003 illud
1294 938 1390 1003 efficit

157 1062 292 1127 quoque,
323 1064 361 1109 ne
387 1044 493 1108 fideles
516 1062 635 1125 semper
658 1063 710 1126 pro
732 1044 860 1108 arbitrio
881 1044 999 1127 possint
1022 1044 1146 1109 modum
1169 1047 1201 1109 et
1221 1044 1313 1109 linem
1337 1044 1390 1107 de·

157 1150 281 1231 signare
303 1146 335 1210 in
358 1166 446 1229 quern
472 1147 608 1211 oblatam
626 1148 744 1229 ‚stipem
767 1148 888 1231 erogari
911 1151 1070 1231 oporteat;
1103 1150 1209 1230 nequit
1239 1148 1320 1212 enim
1345 1148 1389 1211 saa
1448 1151 1452 1168 “

156 1244 225 1315 cere
249 1252 438 1333 privatorum
459 1250 613 1328 voluntas,
648 1254 683 1314 ut
709 1252 793 1333 quod
828 1270 846 1315 a
878 1252 1021 1335 legitima
1045 1253 1199 1333 potestate
1221 1252 1253 1315 in
1278 1252 1389 1315 bonum

156 1373 317 1419 commune
340 1354 527 1437 praecipitur
549 1356 630 1419 certo
654 1354 843 1418 destituatur
866 1355 986 1423 effectu.
1023 1355 1108 1419 Haec
1131 1354 1228 1419 Nobis
1251 1354 1389 1419 couside-

157 1457 297 1521 rantibus
326 1458 382 1521 visi
414 1459 487 1521 sunt
521 1457 686 1540 prudenter
717 1460 748 1522 et
781 1461 950 1541 opportune
984 1459 1082 1541 egisse
1118 1460 1226 1522 Patres
1261 1458 1390 1523 Consilii

158 1560 358 1625 Prouincialis
382 1560 720 1629 westmonasteriensis
743 1562 797 1638 11,
820 1582 889 1626 oum
910 1562 1023 1645 partim
1049 1562 1287 1644 interpretantes
1307 1564 1390 1643 piam

157 1667 189 1729 et
212 1683 340 1747 aequam
364 1666 543 1730 donantium
566 1666 766 1745 voluntatem,
791 1667 904 1750 partim
928 1686 980 1744 ea,
1011 1686 1089 1750 quae
1119 1666 1277 1749 Episcopls
1299 1666 1391 1743 inest,

157 1771 281 1833 utentes
312 1771 465 1851 potestate
493 1770 664 1852 imperandi
693 1771 840 1853 pecuniae
868 1771 1046 1836 collationes
1068 1770 1310 1852 decernendique
1332 1788 1390 1851 quo

158 1877 294 1955 ternpore
322 1874 352 1937 et
383 1893 443 1955 que
472 1872 509 1937 de
537 1892 630 1938 causa
653 1874 782 1939 conferri
804 1877 953 1957 oporteat,
977 1875 1154 1939 statuerunt
1176 1874 1208 1937 in
1230 1874 1331 1956 capite
1354 1874 1392 1937 dc

158 1978 248 2043 bonis
269 1979 503 2055 ecelesiasticis,
538 1979 611 2060 quid
643 1963 826 2043 censendum
850 1980 891 2043 sit
913 1980 1030 2043 iutuitu
1053 1978 1207 2043 missionis
1230 1976 1390 2043 collatum.

158 2081 177 2145 J
182 2082 253 2145 ubet
277 2082 375 2165 igitur
398 2082 489 2159 ratio,
509 2076 644 2165 itemque
667 2082 730 2147 Nos
754 2084 979 2172 constituimus,
1004 2084 1108 2148 bacin
1125 2082 1333 2165 rereligiosas
1353 2080 1392 2144 ad

158 2185 242 2267 leges
267 2186 607 2251 westmonasteriensis
628 2185 742 2271 Synodi
764 2206 830 2253 sese
853 2188 972 2251 affatim
996 2188 1192 2251 accomodare
1214 2188 1361 2269 oportere.

261 2288 398 2353 Sublatis
421 2291 634 2355 controuersiis
657 2291 826 2375 cognitioni
849 2292 980 2356 Nostrae
1003 2292 1175 2374 propositis
1198 2290 1389 2367 confidimus,

161 2409 262 2455 curam
287 2412 305 2455 a
328 2394 424 2458 Nobis
444 2394 476 2457 in
500 2395 537 2457 iis
569 2395 783 2477 componendis
806 2396 985 2459 adhibitam
1002 2414 1051 2459 reo
1078 2396 1256 2472 valituram,
1288 2400 1323 2456 ut
1353 2394 1391 2456 ad

160 2496 417 2579 tranquillitatem
448 2502 479 2562 et
500 2498 723 2562 incrementum
748 2500 792 2563 rei
815 2499 985 2564 catholicae
1008 2500 1039 2562 iu
1063 2497 1177 2580 Anglia
1199 2516 1259 2561 nou
1282 2496 1392 2561 leviter

147 2602 305 2664 conferat.
352 2601 501 2683 Equidem
535 2603 802 2685 pronuntiationes
836 2603 967 2667 Nostrae
999 2602 1038 2667 ad
1070 2603 1149 2685 juris
1172 2604 1205 2667 et
1226 2601 1392 2688 aequitatis

158 2704 297 2787 regulam
321 2704 457 2769 studiose
479 2705 680 2788 religioseque
704 2707 873 2789 exegimus,
910 2726 965 2771 nec
999 2706 1178 2771 dubitamus
1207 2705 1279 2789 quin
1302 2705 1392 2768 iniis

159 2808 342 2889 exequendis
371 2827 426 2891 par
449 2808 613 2893 diligentia
634 2812 665 2873 et
688 2810 797 2893 religio
821 2812 939 2875 eniteat
961 2811 1084 2875 illorum
1108 2794 1195 2875 inter
1211 2828 1286 2891 qnos
1305 2808 1390 2891 judl-

159 2913 240 2975 cium
263 2912 455 2993 protulimus.
499 2911 549 2977 Sic
573 2914 654 2978 enirn
674 2914 737 2991 fiet,
759 2916 793 2978 ut
816 2916 1032 2998 Episcoporum
1057 2914 1152 2977 ductu
1175 2909 1207 2978 et
1229 2914 1393 2996 prudentia

159 3015 295 3098 religiosi
323 3015 441 3080 sodales
472 3016 508 3081 de
543 3016 683 3101 Anglicis
715 3018 912 3083 missionibus
932 3017 1068 3101 apprime
1091 3018 1195 3081 meriti
1214 3019 1338 3080 strenue
1362 3019 1394 3079 et
1467 3038 1470 3043 ’

159 3118 339 3183 alacritere
362 3118 516 3183 laboribus
542 3121 606 3185 suis
632 3121 751 3186 fructus
781 3122 891 3187 salutis
925 3122 1005 3186 terre
1035 3122 1167 3203 pergant
1197 3119 1393 3196 laetissimos,

160 3226 252 3305 atque
284 3223 406 3305 utrique
432 3224 484 3307 (ut
508 3242 578 3288 voce
599 3226 724 3288 utamur
745 3224 888 3309 Gregorii
912 3225 1020 3308 Magni
1044 3224 1243 3305 estangliae
1265 3222 1393 3314 Episco-

159 3327 226 3410 pos)
249 3328 403 3393 conrannnn'
425 3378 432 3393 .
520 3375 527 3390 .
550 3330 697 3406 consilio,
733 3330 935 3411 concordique
967 3331 1087 3394 actione
1120 3349 1198 3410 qaae
1230 3333 1303 3391 snut
1332 3347 1392 3407 pro

162 3429 280 3495 Onrtsn
300 3431 365 3496 aeto
386 3429 508 3514 apennia
530 3418 697 3513 disponant
721 3436 925 3513 unanimiter,
960 3440 1041 3509 recte
1069 3435 1224 3509 sentiant,
1259 3437 1286 3496 et
1315 3452 1395 3513 quac

160 3536 329 3613 senserint,
363 3556 425 3601 non
459 3538 580 3603 sibimet
606 3539 813 3620 discrepando
829 3538 1042 3621 perplacere).
1089 3536 1291 3604 Concordiam
1312 3536 1393 3598 bano

112 3699 115 3708 ,
159 3638 297 3720 postulat
330 3640 458 3721 paterna
489 3641 604 3707 caritas
637 3642 856 3725 Episcoporum
889 3641 921 3705 in
958 3640 1114 3723 adjutores
1140 3658 1211 3704 suos
1231 3640 1263 3703 et
1285 3639 1394 3702 mutua

159 3741 241 3807 Cleri
260 3743 292 3807 iu
316 3743 480 3825 Episcopus
502 3744 712 3823 observantia3
741 3746 820 3810 barre
850 3745 1043 3811 concordiam
1070 3745 1194 3828 flagitat
1217 3743 1288 3807 linis
1311 3761 1395 3806 eom·

159 3845 262 3909 munis
295 3846 347 3928 qui
378 3846 455 3911 situs
488 3850 537 3912 est
563 3850 595 3913 in
626 3848 728 3915 salute
750 3850 923 3915 animarum
943 3849 1060 3932 junctis
1081 3847 1196 3912 studiis
1218 3865 1255 3911 ac
1278 3845 1395 3911 viribus

160 3949 351 4031 quaerenda;
375 3952 454 4016 hanc
476 3952 613 4019 eamdem
638 3954 732 4037 exigit
753 3953 921 4019 necessitas
939 3954 977 4018 iis
993 3952 1156 4017 resistendi
1175 3952 1229 4035 qui
1244 3951 1395 4015 catholieo

160 4053 275 4118 nomini
299 4054 409 4119 infensi
431 4058 515 4141 sunt,
559 4058 645 4121 Haeo
675 4058 754 4123 vires
787 4058 890 4142 gignit
921 4060 953 4122 et
985 4057 1122 4122 infirmos
1154 4074 1273 4139 qnoque
1305 4072 1394 4136 pares

161 4156 258 4221 allinit
279 4157 318 4223 ad
339 4159 469 4242 grandia
493 4179 629 4243 quaeque
653 4162 806 4245 gerenda;
840 4162 916 4226 baec
945 4161 1069 4244 signum
1088 4160 1136 4224 est
1157 4158 1238 4241 quod
1261 4158 1395 4222 sinceros

160 4256 277 4325 Christi
305 4260 471 4345 discipulos
503 4264 541 4328 ab
574 4264 612 4328 iis
645 4265 844 4329 disterminat
871 4265 978 4347 quise
1001 4264 1080 4327 tales
1102 4281 1169 4327 esse
1191 4262 1394 4328 mentiuntur.

266 4489 292 4557 l)
312 4488 398 4557 Apud.
417 4489 519 4545 Bedam
535 4492 649 4547 Histoe.
671 4494 759 4563 Anpl.
778 4492 818 4549 ΙΙ.
836 4492 878 4546 29.
1226 4571 1294 4638 16*
