3109 4859
202 124 266 189 390
309 142 340 197 K
339 182 345 194 .
356 142 388 197 h.
400 141 519 205 Brenn,
533 140 702 210 Anfldsnorp
716 143 772 196 der·
787 159 849 198 non
864 143 1080 213 Unpionbipen
1092 144 1420 213 otperchlosaeoaen
1435 146 1519 201 Ehe.

203 314 322 379 inuitat
344 313 399 377 der
421 312 611 395 Fragsteller
637 330 716 375 znar
740 311 927 377 absichtlioh
950 313 1080 379 niemals
1103 314 1273 397 allgemein
1299 316 1516 381 eutsehie-

203 418 270 497 den,
294 415 443 481 vielmehr
465 415 496 479 in
519 414 574 479 der
596 414 628 478 in
649 414 702 479 der
718 415 923 499 Anmerhung
936 416 1124 501 widonen
1141 418 1433 505 ldntseheidung
1454 418 1527 486 der

203 519 407 603 Propaganda
437 518 487 583 ihr
510 518 564 583 das
589 518 803 601 Apostolisohe
828 520 967 583 Vicariat
991 539 1048 585 von
1071 520 1191 585 Tonlrin
1212 542 1285 587 rom
1314 526 1366 589 5.
1404 524 1507 588 Mari

204 624 286 688 1816
316 644 373 688 nnr
406 623 456 688 fiir
489 622 549 688 den
583 622 702 687 damals
737 625 926 707 angeregten
949 624 1018 689 Fall
1038 624 1088 689 die
1113 616 1388 709 interpellationi
1423 631 1527 706 oder,

201 728 293 793 deren
312 724 419 791 'hrlass
441 728 484 791 irn
507 727 606 811 Wege
632 727 686 791 der
707 727 901 809 ptpstliohen
937 727 1153 811 Dispensation
1188 750 1241 794 zur
1281 730 1500 817 Giltiglreir

202 832 256 896 der
285 830 531 913 beabsichtigten
567 848 665 895 neuen
698 830 763 895 Ehe
795 830 1059 914 vorgesebrieben.
1106 832 1249 899 ludessen
1279 836 1334 901 ist
1371 841 1501 921 apaten

201 936 250 1001 die
274 935 425 1000 romische
447 932 537 999 Curia
560 934 618 999 mit
641 934 782 1001 weiteren
800 935 1018 1018 Aussprriclren
1041 936 1316 1020 horrorgetreteu,
1348 944 1497 1007 welche

202 1039 362 1115 berreisen,
386 1038 457 1103 dass
480 1038 528 1103 die
549 1040 629 1103 etna
650 1038 883 1123 eingegangene
906 1042 1011 1105 zneite
1028 1040 1092 1105 Ehe
1115 1040 1146 1105 in
1162 1041 1243 1114 allen
1260 1042 1333 1108 den
1357 1046 1493 1111 Fallen

201 1140 339 1229 ungiltig
362 1146 419 1219 ist,
451 1144 483 1207 in
506 1142 640 1209 welchen
661 1143 711 1208 die
734 1133 966 1227 Interpellatior‘r
990 1146 1126 1230 moglich
1150 1166 1213 1236 war
1236 1147 1307 1211 und
1339 1149 1491 1232 gleich-

160 1288 170 1301 ·
201 1249 280 1313 wohl
309 1248 462 1313 entrreder
496 1266 552 1330 gar
587 1246 674 1311 nicht
706 1246 779 1311 oder
802 1246 832 1310 in
857 1248 1097 1331 ungenirgender
1120 1249 1225 1315 Weise
1254 1251 1402 1335 erfolgt
1432 1255 1486 1319 ist

200 1354 298 1419 Unter
321 1353 390 1418 dem
416 1353 466 1417 17.
490 1352 612 1417 danuar
639 1350 721 1415 1836
752 1352 863 1435 erging
892 1351 1036 1435 folgende
1065 1352 1306 1437 Entsoheidung
1336 1374 1389 1419 an
1419 1357 1482 1421 den

200 1457 435 1541 Apostolischen
451 1456 544 1521 Vicnr
568 1473 624 1519 von
648 1452 807 1519 Sutchnen
829 1455 860 1518 in
884 1453 1000 1520 China:
1031 1454 1221 1521 >Christiani
1249 1459 1401 1540 quaudo
1431 1461 1480 1524 fa·

198 1563 284 1628 ciunt
306 1558 570 1643 interpellationes
593 1558 703 1641 prioris
726 1558 868 1642 conjugis
889 1559 1031 1638 infidelis,
1056 1560 1082 1624 si
1106 1560 1216 1644 conjux
1237 1561 1398 1628 infidelis
1423 1586 1475 1630 re·

160 1747 164 1756 .
198 1666 387 1751 spondeatse
397 1664 618 1746 vellerecipere
631 1681 718 1727 suam
731 1666 901 1757 consortem
915 1663 1045 1743 fidelem,
1058 1666 1134 1730 tanc
1145 1665 1354 1748 interrogant
1369 1666 1471 1729 illarn

197 1790 235 1837 an
260 1770 334 1834 velit
356 1767 491 1833 converti
515 1768 547 1833 et
570 1786 609 1831 an
627 1767 738 1832 saltem
758 1766 931 1833 consentiat
953 1768 1131 1835 cohabitare
1145 1768 1273 1861 pacifice
1284 1769 1364 1837 sine
1387 1790 1469 1835 cou-

197 1873 326 1939 tnnrelia
340 1872 504 1937 Crantoris-
527 1870 572 1934 At
586 1870 613 1934 si
624 1890 694 1953 pars
706 1870 841 1938 infidelis
854 1871 962 1937 statim
973 1872 1156 1954 respondeat
1168 1890 1200 1936 se
1212 1870 1295 1938 nolle
1308 1873 1465 1955 amplius

197 1978 330 2061 recipere
353 1976 484 2059 priorem
507 1975 674 2060 conjugem
692 1974 815 2040 fidelem
843 1975 961 2040 autad
983 1975 1070 2039 illam
1093 1976 1224 2053 reverti,
1253 1976 1333 2040 tunc
1372 1978 1461 2041 nihil

142 2081 145 2087 ’
196 2081 327 2146 ulterius
350 2080 559 2163 interrogant,
594 2079 667 2162 quia
698 2080 811 2145 timent
844 2099 882 2145 ne
912 2080 1030 2163 Pagani
1059 2080 1159 2162 magis
1183 2079 1398 2163 indignentur
1422 2086 1457 2147 et

196 2184 411 2267 blasphement
442 2184 547 2249 eontra
581 2170 774 2266 Religionem
809 2183 1022 2249 christianam.
1078 2182 1246 2263 Quaeritur
1274 2183 1386 2267 igitur
1410 2206 1453 2251 an

194 2290 292 2373 possit
314 2286 450 2372 permitti
473 2286 555 2370 parti
576 2286 671 2365 fideli,
695 2287 731 2351 ut
753 2286 897 2352 eumalio
912 2286 998 2351 fideli
1013 2286 1179 2351 contrahat
1193 2286 1448 2368 matrimonium,

195 2394 318 2459 etiamsi
349 2394 379 2456 in
412 2391 658 2473 interpellatione
685 2390 796 2474 prioris
817 2390 956 2474 conjugis
975 2388 1112 2480 ³infidelis
1135 2390 1249 2456 omissa
1271 2391 1370 2457 fuerit
1396 2395 1447 2458 in-

194 2498 363 2581 terrogatio
387 2516 427 2560 an
448 2496 525 2561 velit
546 2495 682 2588 conserti
703 2498 734 2560 et
758 2513 798 2559 an
820 2495 931 2559 saltem
952 2494 1126 2559 consentiat
1147 2494 1240 2559 simul
1255 2496 1442 2562 cohabitare

193 2604 258 2667 sine
288 2600 475 2666 contumelia
498 2598 679 2663 Creatoris?
710 2652 716 2665 .
743 2651 779 2663 ..
811 2598 978 2683 Gregorius
1000 2598 1084 2663 XVI.
1109 2649 1115 2663 .
1141 2650 1148 2663 .
1173 2649 1180 2664 .
1201 2600 1359 2681 perpensis
1383 2622 1440 2666 ex-

193 2696 311 2789 positis,
333 2704 465 2785 benigne
485 2702 683 2767 matrimonia
695 2704 729 2767 nt
742 2722 836 2785 supra
847 2703 1005 2767 contracta
1017 2702 1049 2766 in
1063 2702 1224 2768 Vieariatu
1236 2701 1435 2783 Sutchuensi,

193 2829 262 2875 cum
286 2808 450 2873 omissione
473 2793 780 2891 interrogationum,
797 2809 889 2889 prout
919 2807 951 2871 in
977 2806 1108 2889 supplici
1131 2806 1238 2872 libello
1260 2810 1431 2889 exponitur,

190 2916 226 2977 in
250 2912 358 2977 radice
385 2915 481 2976 sonat
506 2916 596 2992 otone
615 2911 781 2993 confirmat
800 2912 932 2991 perinde
955 2930 992 2976 nc
1014 2912 1044 2977 si
1066 2912 1101 2975 in
1123 2912 1332 2976 matrimoniis
1354 2932 1428 2977 soro-

190 3018 299 3083 troctis
321 3016 585 3096 interpellationes
600 3016 704 3097 foetae
722 3016 858 3096 fuissent
867 3016 922 3098 2).«
961 3016 1017 3080 Die
1039 3016 1159 3081 sanatio
1175 3016 1207 3079 in
1223 3015 1324 3081 radice
1346 3024 1425 3081 aare

191 3122 327 3187 offenbar
349 3120 434 3185 nicht
457 3119 662 3203 eingetreten,
693 3138 780 3183 wenn
797 3109 1104 3203 ‘nichtwenigstens
1126 3119 1174 3184 die
1193 3117 1421 3203 Interpellation

190 3227 243 3291 des
272 3225 432 3291 darselben
449 3224 673 3308 anganglichen
698 3224 911 3308 ungitubigen
938 3224 1113 3309 Ehegatten
1139 3224 1218 3289 nach
1245 3225 1418 3308 gottlichem

414 3365 500 3373 m...

292 3433 318 3499 l)
341 3432 457 3486 »Utrum
467 3431 634 3486 adeffestam
653 3430 819 3493 matrimonii
832 3430 994 3485 dissolvendi
1003 3406 1298 3499 juxtaprivilegiumiu
1308 3432 1414 3487 latorem

183 3518 250 3585 ,fidei
267 3536 283 3573 a
302 3518 410 3584 Christo
428 3518 543 3571 Domino
561 3534 711 3572 eoncessum
736 3521 764 3572 et
788 3518 823 3572 ab
843 3517 973 3586 Apostolo
1001 3516 1220 3587 promulgatum,
1243 3517 1414 3587 interpellatio

121 3591 125 3610 ’
187 3606 273 3677 partis
291 3607 319 3659 in
337 3604 500 3667 infidelitate
518 3605 701 3672 permanentis
719 3605 756 3659 sit
774 3603 807 3659 de
822 3604 884 3673 iure
901 3604 1006 3668 divino,
1025 3606 1109 3673 atque
1126 3602 1194 3658 adeo
1211 3604 1363 3669 necessaria,
1383 3610 1412 3660 nt

187 3712 219 3750 ea
237 3693 361 3763 neglecta
380 3691 470 3745 nullus
487 3692 567 3759 plane
585 3681 717 3746 habeatur
735 3691 901 3746 matrimonii
918 3690 1081 3746 dissolvendi
1096 3689 1189 3743 recusa
1209 3690 1252 3743 hu
1269 3691 1347 3745 solnm
1357 3708 1411 3761 per-

186 3782 275 3837 tineat
290 3779 324 3833 ad
343 3779 456 3833 formam
470 3778 634 3847 judicialem,
653 3795 701 3833 nec
719 3780 882 3849 requiratur,
901 3780 953 3833 nisi
974 3782 1006 3833 nt
1022 3777 1163 3832 dissolutio
1182 3775 1257 3831 licite
1275 3778 1326 3842 fiat,
1341 3794 1409 3846 prae·

186 3868 280 3922 sertim
297 3883 357 3921 curn
375 3866 484 3920 aliunde
500 3869 604 3921 constet
620 3866 884 3946 iudiciissmoraliter
900 3866 989 3931 certis,
1006 3864 1122 3920 alterurn
1134 3863 1278 3933 conjugum
1288 3861 1407 3919 nesidern

186 3953 311 4024 amplecti
337 3968 385 4007 uec
412 3953 469 4007 sino
496 3953 658 4009 contumelia
681 3952 817 4008 creatoris
835 3952 906 4007 velle
924 3952 1099 4007 cohabitare?
1133 3950 1165 4004 R.
1184 3949 1244 4003 Non
1263 3967 1316 4005 ease
1331 3952 1403 4006 locuni

153 4064 163 4071 ·
186 4039 357 4095 dissolutioni
376 4040 531 4095 matrimoni
548 4040 576 4094 in
594 4040 757 4095 infidelitate
774 4040 913 4104 contracti,
931 4040 960 4093 in
978 4038 1082 4093 casude
1098 4054 1150 4107 qno
1164 4036 1265 4105 agitur,
1281 4038 1403 4093 nisiinter-

185 4127 330 4197 pellatione
348 4128 500 4197 praemissa,
520 4130 568 4182 aut
585 4128 638 4181 nisi
656 4127 767 4182 obtenta
785 4127 916 4197 legitimis
935 4145 966 4182 ex
984 4127 1092 4192 caussis,
1111 4143 1190 4193 super
1206 4126 1401 4196 interpellatione

184 4214 331 4285 apostolica
350 4214 573 4285 dispensatione«
612 4209 763 4279 Persona,
781 4214 799 4267 l.
819 4231 842 4268 c.
859 4214 918 4268 Lib.
937 4215 972 4269 11.
992 4215 1060 4271 Sect.
1079 4218 1101 4271 I.
1121 4217 1184 4287 Cap.
1203 4218 1266 4273 VII.
1283 4234 1335 4287 pag.
1350 4216 1399 4269 307.

187 4302 278 4371 Feip'e,
296 4299 314 4354 l.
332 4318 353 4355 c.
373 4300 435 4369 Cap.
451 4302 509 4355 XX.
529 4320 555 4356 n.
573 4300 632 4355 482.
653 4302 676 4355 l.
695 4317 756 4370 pag.
776 4301 836 4354 348.
861 4302 1056 4357 Collectunea
1075 4344 1081 4357 .
1101 4345 1107 4357 .
1126 4346 1133 4359 .
1153 4305 1182 4359 S.
1201 4302 1397 4361 aestinatae.

183 4402 246 4457 pag.
264 4387 410 4441 417-418,
1283 4411 1285 4422 =

287 4492 314 4560 a)
334 4492 555 4578 corrosiones.
575 4530 579 4541 .
602 4531 607 4543 .
627 4492 654 4544 s.
676 4492 762 4545 sana
782 4490 828 4544 re.
847 4490 906 4542 ose.
927 4506 989 4559 pag.
1008 4465 1068 4543 rso.
