3109 4859
724 532 817 613 ΧΧΙΙ.

221 680 273 747 SS.
299 680 335 745 D.
360 680 398 747 N.
424 679 548 745 leudis
574 680 722 745 DIVINA
737 651 1035 745 ‘Puovluunrm
1059 680 1197 745 Paean
1221 628 1311 745 Xlll.

479 799 737 917 [starola
767 800 1062 882 encletice

175 940 230 1005 Aa
254 938 462 1005 Potrtorcbus
484 940 642 1006 Primutes
663 942 925 1024 Arcbieptsoopos
945 948 975 1005 et
997 940 1168 1023 Irtotsoopos
1195 940 1366 1008 Universos

149 1042 303 1109 Catholici
317 1042 410 1109 Orbis
420 1045 557 1126 prot-ium
573 1051 601 1110 et
616 1047 859 1111 communionem
873 1066 943 1110 cam
958 1045 1127 1126 apostolico
1142 1045 1214 1109 seda
1229 1044 1391 1108 babentes.

181 1162 418 1228 Venerabilibus
438 1164 598 1230 Fratribus
624 1166 816 1231 Patriarcbis
839 1151 1028 1230 Primatibus
1051 1162 1295 1245 Archiepiscopis
1317 1164 1350 1226 et

150 1266 307 1349 Episcopis
332 1266 487 1332 Universis
509 1267 662 1334 Catholici
692 1268 783 1335 Orbis
813 1268 954 1334 Gratiam
979 1270 1010 1333 et
1033 1267 1283 1333 communionem
1311 1284 1391 1329 curn

518 1372 697 1455 Apostolica
718 1372 798 1439 Sede
820 1373 1015 1437 habentibus,

626 1494 704 1560 LEO
727 1496 789 1561 PP.
812 1495 912 1561 xlia·

113 1636 118 1649 ·
225 1614 422 1681 Venerabiles
444 1616 577 1682 Fratres
599 1616 736 1683 Salutem
756 1624 785 1683 ct
806 1616 1023 1699 Apostolicom
1042 1613 1302 1679 Benedictionm

253 1725 458 1817 Diurturnum
496 1752 575 1817 illud
604 1754 859 1838 teterrimumque
895 1754 1029 1832 bellum,
1067 1754 1212 1818 adversus
1247 1750 1385 1815 divinam

148 1855 306 1921 Ecclesiae
326 1857 544 1923 auctoritatem
566 1859 758 1943 susceptum,
790 1858 882 1935 illuc,
912 1878 972 1941 quo
1005 1857 1139 1941 proclive
1161 1845 1245 1932 erat,
1268 1855 1385 1931 erasit3

148 1958 293 2025 uidelicet
316 1960 348 2023 in
372 1978 531 2025 commune
554 1962 724 2043 periculum
747 1961 904 2026 societatis
934 1962 1104 2038 humanae,
1135 1978 1171 2023 ac
1201 1958 1385 2025 nominatim

148 2062 248 2128 civilis
269 2062 468 2146 principatus,
490 2065 521 2128 in
544 2084 603 2148 quo
626 2066 709 2131 salus
733 2066 856 2149 publica
879 2065 1009 2131 maxime
1024 2066 1144 2130 nititur.
1165 2100 1202 2111 -
1220 2062 1308 2143 Quod
1324 2062 1385 2125 hac

151 2165 345 2247 potissimum
378 2168 480 2231 aetate
510 2170 616 2233 nostra
650 2169 768 2234 fautum
803 2188 869 2233 esse
903 2171 1039 2252 apparet.
1084 2167 1278 2251 Cupiditates
1300 2166 1383 2229 enim

148 2271 311 2353 populares
343 2271 515 2352 quamlibet
543 2272 664 2355 imperii
694 2272 754 2337 vim
783 2262 938 2337 ’audacius
972 2272 1062 2337 hodie
1095 2272 1255 2345 recusant,
1290 2288 1385 2351 quarn

149 2377 259 2440 antea:
282 2376 312 2439 et
336 2376 424 2440 tauta
447 2378 494 2439 est
516 2376 631 2459 passim
644 2376 781 2455 licentia,
804 2379 869 2441 tam
886 2378 1010 2441 crebrae
1026 2375 1193 2453 seditiones
1213 2394 1248 2439 ao
1262 2374 1383 2453 turbae,

147 2480 183 2543 ut
205 2479 244 2543 iis
266 2480 318 2563 qui
342 2480 555 2563 respublicas
577 2482 691 2563 gerunt
714 2500 773 2545 non
796 2481 894 2545 solum
925 2481 1076 2563 denegata
1106 2496 1195 2561 saepe
1227 2479 1385 2559 obtempe-

147 2583 246 2661 ratio,
276 2583 329 2648 sed
352 2602 389 2647 ne
412 2582 489 2647 satis
509 2583 633 2667 quidem
654 2585 758 2649 tutum
781 2584 1006 2668 incolumitatis
1029 2582 1215 2667 praesidium
1239 2579 1384 2643 relictum

147 2706 212 2751 esse
237 2686 385 2753 videatur.
432 2686 493 2750 Diu
514 2686 638 2769 quidem
663 2688 736 2753 data
759 2690 807 2754 est
836 2708 943 2772 opera,
976 2691 1011 2752 ut
1045 2689 1094 2752 illi
1117 2687 1148 2751 in
1172 2687 1384 2767 contemptum

148 2792 241 2873 atque
263 2790 366 2858 odium
392 2789 530 2854 venirent
552 2790 756 2870 multitudini,
780 2794 1003 2876 conceptusque
1020 2791 1153 2856 flammis
1168 2789 1304 2854 invidiae
1319 2789 1383 2873 jam

113 2936 117 2948 ·
148 2892 387 2977 erumpentibus
412 2894 488 2984 satis
511 2894 620 2977 exiguo
642 2894 804 2960 intervallo
827 2878 1015 2959 summorum
1040 2894 1211 2977 principum
1234 2894 1299 2958 vita
1313 2893 1384 2977 plu-

147 2997 207 3062 rios
231 3001 278 3063 est
300 2999 354 3063 ant
371 2998 506 3063 ‘occultis
526 2998 724 3065 insidiis'aut
747 2999 886 3082 aperdies
908 2999 1079 3065 latrociniis
1090 2994 1130 3064 'ad
1144 2997 1381 3075 internecionem

22 3148 23 3153 η
150 3101 293 3185 expetita.
340 3101 502 3167 Cohorruit
531 3104 598 3167 tota
629 3122 724 3186 nuper
747 3104 869 3186 Europa
892 3103 931 3167 ad
953 3102 1161 3187 potentissimi
1183 3101 1384 3185 Imperatoris
1479 3164 1483 3172 .

148 3203 308 3269 intendam
329 3224 453 3271 necem:
486 3206 687 3289 attonitisque
712 3206 812 3271 adhuc
834 3226 907 3289 prae
929 3208 1053 3272 sceleris
1076 3205 1289 3291 magnitudine
1312 3207 1382 3269 ani-

150 3308 218 3385 mis,
241 3325 299 3371 non
319 3310 464 3375 ,verentur
487 3310 599 3392 perditi
623 3310 760 3387 homines
781 3310 813 3374 in
830 3316 946 3375 ceteros
962 3312 1101 3394 Europae
1116 3311 1268 3393 principes
1285 3310 1384 3377 minas

151 3413 342 3494 terroresque
364 3413 457 3496 vulgo
476 3412 604 3496 jactare.

162 3576 166 3582 .
254 3514 353 3593 Haec,
388 3534 466 3597 quae
495 3518 568 3582 sunt
593 3518 664 3581 ante
686 3501 1047 3596 ocu10s‚‘communium
1081 3538 1182 3583 rerum
1206 3518 1382 3583 discrimina

150 3618 237 3703 gravi
271 3619 335 3689 Nos
371 3619 577 3685 sollicitudine
611 3620 768 3699 alliciunt,
790 3641 877 3692 ,oum
911 3621 1109 3687 securitatem
1145 3620 1317 3706 principum
1343 3622 1382 3698 et

150 3721 411 3805 tranquillitatem
436 3723 633 3807 imperiorum
663 3745 724 3813 una
747 3746 817 3790 cum
840 3726 1020 3809 populorum
1044 3724 1383 3809 salutepropemodum

148 3828 181 3891 in
203 3828 342 3912 singulas
365 3828 455 3893 horas
478 3829 704 3911 periclitantem
726 3830 910 3897 intueamur.
927 3866 969 3877 -
984 3830 1083 3912 Atqui
1104 3831 1210 3895 tamen
1225 3829 1383 3914 religionis

150 3930 336 3996 christianae
359 3932 463 3997 divina
486 3933 584 3997 virtus
604 3934 788 3999 stabilitatis
804 3935 897 4017 atque
912 3932 1027 3998 ordinis
1046 3932 1171 4018 egregia
1188 3933 1382 3998 firmamenta

148 4036 334 4118 reipublicae
352 4036 486 4119 peperit,
517 4036 609 4101 simul
640 4056 675 4101 ac
704 4038 736 4102 in
759 4056 858 4102 mores
880 4038 912 4102 et
934 4037 1083 4102 instituta·
1102 4038 1265 4101 civitatum
1288 4056 1378 4119 pene·

150 4139 254 4205 travit.
310 4140 404 4223 cujus
437 4141 562 4206 virtutis
595 4160 654 4205 non
688 4141 817 4227 exignus
833 4154 945 4225 'neque
979 4143 1150 4223 postremus
1183 4141 1301 4204 fructus
1334 4140 1380 4204 est

150 4262 248 4326 aequa
270 4243 302 4307 et
324 4245 444 4326 sapiens
467 4245 498 4309 in
521 4245 711 4329 principibus
742 4246 773 4309 et
808 4245 927 4328 populis
949 4246 1132 4327 temperatio
1149 4245 1268 4328 jurium
1290 4246 1379 4336 atque

150 4346 329 4414 officiorum.
375 4348 454 4413 Nem
484 4349 517 4414 iu
541 4348 657 4417 Christi
681 4348 805 4413 Domini
827 4349 999 4432 praeceptis
1022 4350 1114 4432 atque
1136 4349 1282 4433 exemplis
1305 4350 1380 4414 mira
