3109 4859
2684 90 2765 154 19

1470 649 1566 731 ΙΙΙ.

284 810 874 937 Entscbeidun'uen
908 809 1056 924 ‘der
1106 827 1165 889 3.
1201 807 1446 907 conor.
1484 807 2054 924 indutuentiarum
2091 828 2153 887 ν.
2189 806 2310 888 26.
2348 810 2540 886 marr
2580 810 2761 886 1331.

543 963 694 1017 Nach
752 962 898 1016 einer
950 962 1305 1031 Mittheilung
1366 961 1461 1015 der
1516 962 1823 1032 Segreteria
1878 962 2049 1018 dieser
2104 962 2500 1034 congregatim]

1110 1091 1214 1129 von
1254 1075 1383 1130 Jos.
1423 1074 1755 1131 Schneider
1793 1075 1846 1129 S.
1884 1075 1935 1130 J.

1328 1231 1609 1297 Dubium
1652 1232 1711 1298 I.

491 1361 730 1426 Multae
777 1360 1331 1426 confraternitates
1376 1359 1440 1423 in
1483 1360 1837 1424 summariis
1882 1360 2011 1425 suis
2060 1379 2168 1444 pro
2222 1362 2340 1444 piis
2396 1362 2761 1442 quibusdam

279 1467 566 1550 operibus
613 1485 702 1531 ex,
750 1484 842 1548 gr.
898 1482 1006 1546 pro
1057 1463 1335 1546 quolibet
1401 1463 1720 1541 conamine
1787 1463 2069 1529 inimicos
2134 1466 2604 1542 reconciliandi,
2676 1466 2762 1526 rel

279 1570 503 1652 impios
548 1567 627 1631 ad
674 1565 920 1650 frugem
966 1567 1320 1646 revocandi,
1385 1567 1497 1632 vel·
1550 1585 1658 1650 pro
1718 1567 1995 1632 examine
2041 1567 2448 1634 conscientiae
2492 1570 2765 1650 quotidie

280 1672 664 1738 instituendo
710 1672 1166 1757 indulgentiam
1207 1671 1326 1736 Sibi
1375 1690 1412 1736 a
1448 1669 1510 1738 S.
1558 1669 1714 1736 Sede
1760 1685 2112 1736 concessam*
2158 1691 2289 1737 esse
2320 1674 2761 1734 [13η]πῃιιιεῖἵνῑιῃῒ.Ἴ

489 1776 840 1858 Quaeritur,
889 1779 1100 1842 utrum
1146 1777 1220 1856 is,
1267 1776 1372 1860 qui
1411 1777 1696 1859 pluribus
1742 1776 2356 1842 confraternitatibus
2408 1778 2520 1842 bac
2552 1782 2763 1842 cadam

280 1881 686 1966 Indulgentia
731 1881 954 1947 ditatis
997 1882 1216 1946 nomen
1267 1880 1473 1960 dedit,
1540 1879 1698 1945 illud
1744 1881 1911 1963 pium
1960 1900 2110 1964 opus
2154 1900 2468 1958 exercens,
2536 1882 2765 1946 dietam

283 1985 755 2069 Indulgentiam
815 1988 994 2052 toties
1051 1985 1358 2063 lucretur,
1421 1986 1574 2068 quot
1621 1985 2233 2052 confraternitatibus
2290 1985 2472 2066 hujus
2524 1986 2765 2066 generis

286 2089 636 2172 adscriptus
681 2090 824 2154 est?

491 2193 671 2276 Resp.
720 2193 915 2258 Detur
961 2193 1281 2258 decretum
1313 2193 1372 2256 iu
1405 2212 1528 2257 una
1560 2192 1896 2258 Genevensi
1931 2191 2055 2257 diei
2087 2193 2185 2259 14.
2213 2193 2568 2259 Decembris
2608 2194 2765 2258 13?ss

284 2295 365 2360 ad
406 2296 663 2361 dubium
709 2298 770 2364 3.
816 2315 1036 2379 nempe
1079 2323 1149 2355 ε·-
1192 2296 1416 2361 Utrum
1487 2297 1686 2361 eidem
1747 2296 1847 2380 pio
1901 2297 2099 2380 operi,
2163 2298 2320 2380 quod
2388 2318 2420 2362 a
2480 2298 2763 2362 fidelibus

271 2398 501 2479 ,iterari
546 2419 666 2465 non
710 2401 916 2482 potest
960 2399 1146 2464 variis
1191 2399 1396 2464 titulis
1451 2398 1888 2482 Indulgentiae
1951 2399 2222 2464 adnexae
2284 2406 2464 2472 sunt.
2532 2402 2764 2482 possint

281 2522 493 2568 omnes
553 2504 894 2569 lucrifieri?
1003 2503 1190 2569 Sacra
1251 2503 1669 2586 Congregatio
1733 2523 1891 2586 resp.
1960 2504 2368 2586 affirmative,
2440 2506 2769 2566 danmando

281 2626 468 2690 opera
512 2609 794 2691 injuncta
831 2627 974 2672 vere
1016 2607 1231 2672 iterari
1277 2610 1587 2690 nequeant
1633 2607 1729 2672 vel
1773 2627 1890 2672 non
1924 2607 2182 2686 soleant,
2231 2607 2412 2671 sicuti
2448 2610 2765 2682 confessis,

280 2710 403 2774 nisi
446 2710 531 2775 sit
577 2711 827 2776 aliunde
873 2711 1235 2776 necessaria.

1309 2816 1593 2927 Dubium
1638 2849 1740 2914 11.

495 2979 804 3064 Parocbus
850 2978 931 3044 N.
981 2977 1058 3044 ab
1097 2976 1424 3043 Ordinario
1471 2997 1583 3042 suo
1629 2978 1690 3043 vi
1737 2978 1965 3044 decreti
2015 2979 2197 3061 Urbis
2242 2980 2307 3043 et
2340 2978 2520 3042 Urbis
2576 2978 2765 3042 muln

280 3083 528 3166 plures«
598 3082 723 3147 diei
774 3083 832 3148 8.
876 3081 1021 3151 Jan.
1072 3081 1234 3146 1861
1285 3082 1514 3147 Rector
1560 3080 2152 3148 Confraternitatum
2196 3083 2260 3146 in
2307 3082 2600 3166 parachia-
2648 3082 2770 3146 exie

280 3187 585 3253 stentium
633 3186 993 3270 designatus
1037 3187 1149 3254 est.
1240 3185 1609 3268 Quaeritur:

493 3293 551 3358 1.
618 3291 844 3357 Utrum
890 3309 1009 3356 non
1056 3290 1343 3356 obstante
1389 3309 1677 3374 responso
1712 3289 1773 3358 S.
1818 3290 2040 3376 Congr.
2075 3289 2612 3374 Indulgentiarum
2648 3294 2769 3354 diei

280 3397 386 3464 22.
435 3395 712 3480 Augusti
761 3394 961 3474 1842,
1028 3394 1148 3459 sibi
1209 3394 1546 3478 subrogare
1593 3395 1789 3479 possit
1835 3394 2153 3462 Vicarium
2200 3414 2376 3460 suum
2432 3398 2524 3458 rel
2576 3394 2769 3458 alium

275 3497 674 3566 Sacerdotem
743 3517 851 3582 pro
917 3500 1102 3565 novis·
1157 3497 1486 3564 Sodalibus
1539 3499 1909 3582 recipiendis
1956 3499 2053 3566 vel
2099 3498 2500 3565 investiendis
2552 3502 2612 3562 et
2660 3518 2769 3582 pru

278 3603 540 3687 objectis
580 3602 924 3669 devotionis
968 3603 1095 3667 illis
1137 3603 1400 3686 propriis
1448 3621 1588 3667 cum
1634 3592 2055 3688 indulgentiis
2098 3603 2564 3678 benedicendis,
2628 3606 2773 3666 licet

280 3707 348 3771 in
382 3705 830 3785 instrumente,
877 3725 997 3789 quo
1040 3707 1241 3772 rector
1280 3705 1643 3790 designatus
1686 3707 1813 3787 est,
1857 3707 1933 3772 de
1974 3708 2273 3775 facultate
2320 3728 2388 3774 su
2404 3706 2773 3790 hdelegandi

281 3809 457 3874 nulla
499 3809 693 3875 fuerit
733 3809 902 3901 facta
949 3808 1177 3875 mentio
1200 3812 1231 3874 P

493 3915 553 3980 2.
617 3914 699 3978 Et
742 3915 1046 3998 quatenus
1094 3913 1486 3993 affirmative,
1533 3933 1752 3998 nempe
1798 3913 1960 3998 quod
1991 3914 2298 3998 potestate
2328 3914 2773 3998 sulalslegaudi

279 4016 603 4102 praeditus
646 4016 761 4097 sit,
817 4020 1026 4083 utrum
1070 4036 1161 4082 ea·
1189 4018 1286 4083 uti
1329 4017 1524 4102 possit
1571 4037 1679 4102 pro
1724 4018 1967 4099 lubitu,
2036 4037 2114 4083 an
2155 4018 2536 4084 solummodo
2584 4018 2656 4082 iis
2709 4022 2769 4082 iu

279 4120 548 4200 casibus,
595 4122 818 4205 quibus
861 4141 1076 4188 revera
1121 4124 1215 4188 est
1261 4121 1647 4205 impeditus?

492 4226 554 4293 3.
623 4225 941 4308 Quatenus
1002 4226 1318 4310 negative,
1383 4226 1540 4310 quod
1602 4247 1732 4294 non
1762 4247 1884 4309 pro
1928 4226 2125 4292 lubitu
2170 4245 2285 4292 suo
2336 4226 2524 4290 ulium
2576 4226 2773 4290 valide

281 4329 620 4413 subrogare
661 4329 888 4414 possit,
937 4331 1286 4415 quaeritur,
1343 4332 1551 4396 utrum
1602 4349 1809 4396 omnes
1833 4379 1848 4410 ,
1902 4330 2006 4414 qui
2051 4332 2190 4414 post
2234 4329 2388 4394 illud
2440 4330 2769 4394 Deci-etun]

283 4434 346 4496 8.
395 4432 681 4498 Januarii
725 4433 886 4498 1861
939 4434 1016 4498 ab
1063 4433 1190 4514 illo,
1239 4454 1421 4517 quem
1467 4434 1588 4499 sibi
1638 4435 2020 4516 subrogavit,
2068 4433 2320 4515 recepti,
2368 4434 2592 4510 vestiti,
2660 4434 2769 4494 ad-

2460 4538 2500 4578 ⁴]
2532 4538 2564 4574 ιιι
