3109 4859
151 108 215 170 222
270 122 384 177 haurds
402 120 487 175 Xlll.
507 126 602 177 coast.
616 122 658 176 dc
676 126 814 177 controv.
832 123 889 175 tet.
908 122 999 189 episc.
1016 124 1046 177 at
1062 138 1126 193 rep.
1145 122 1286 193 duplice.

150 313 327 378 supremum
348 292 501 376 judicium
525 293 674 358 Nostrum
697 292 734 357 de
757 291 972 357 controversiis
992 309 1028 356 aa
1043 291 1290 359 dubitationibus
1312 312 1391 377 quae

151 397 324 483 propositae
347 396 420 460 suut
443 396 598 479 perhanc
621 395 882 462 consttutionem
907 396 1155 478 pronunciamus.
1225 404 1232 421 '

254 498 419 582 Multipler
448 498 522 563 licet
556 498 697 590 varieque
710 572 713 579 Δ
728 499 862 581 implexa
892 498 934 564 sii
956 500 1114 583 congeries
1136 517 1239 563 rerum
1259 518 1338 582 quae
1358 498 1391 562 in

150 604 403 687 disceptationem
433 603 598 681 vocantur,
634 621 738 668 omnes
771 604 877 667 tamen
911 602 951 667 ed
982 602 1044 668 tria
1068 602 1262 686 potissimum
1287 602 1391 685 capita
1418 680 1427 688 g

44 793 47 799 Ι
150 709 308 774 commode
331 706 431 789 redigi
448 725 541 789 posse
563 706 768 785 arbitramur,
804 725 933 789 quorum
969 708 1102 771 alterum
1131 706 1170 770 ed
1200 705 1390 770 familiarum

149 812 364 897 religiosarum
381 809 604 893 exemptionem
620 810 754 894 pertinet
769 810 810 874 ab
826 809 992 893 episcopali
1003 810 1232 893 jurisdictione3
1257 810 1389 873 alterum
1409 844 1412 854 ·

150 914 324 979 ministeria
346 914 489 997 respicit,
519 932 597 997 quae
618 934 636 978 a
656 914 852 997 regularibus
874 914 1076 980 missiouariis
1103 916 1300 990 exercentur3
1325 916 1388 979 ter·

84 1020 86 1037 *
150 1020 229 1085 tium
266 1018 460 1103 quaestiones
494 1017 710 1100 complectitur
726 1018 778 1110 ,de
799 1018 887 1083 bonis
913 1018 1136 1102 temporalibus
1158 1018 1256 1102 deque
1278 1038 1336 1083 usu
1359 1018 1391 1082 in

151 1142 242 1206 quern
265 1121 321 1186 illa
342 1123 483 1203 oporteat
507 1121 653 1188 converti.
1298 1143 1303 1147 ·

201 1242 207 1247 ’
255 1225 304 1289 Ad
327 1223 515 1309 regularium
529 1224 762 1307 ¹exemptionem
779 1226 859 1308 quod
876 1225 1001 1304 attinet,
1024 1227 1108 1291 certa
1129 1227 1162 1291 et
1176 1225 1302 1311 cognita
1318 1229 1392 1291 sunt

150 1328 289 1393 canonici
308 1328 388 1411 J‘uris
411 1330 609 1412 praescripta.
654 1327 780 1395 Scilicet
802 1329 943 1412 quemvis
969 1330 1001 1393 in
1029 1327 1239 1394 ecclesiastica
1269 1330 1388 1395 hierar-

150 1432 238 1510 chia,
266 1451 344 1515 quae
373 1435 421 1497 est
440 1433 550 1499 dimac
573 1433 772 1499 ordinatione
794 1432 979 1509 constituta,
1010 1433 1181 1517 presbyteri
1203 1434 1235 1498 et
1257 1434 1392 1498 ministri

150 1536 212 1601 sint
234 1535 392 1600 inferiores
415 1535 591 1619 llpiscopis,
627 1535 797 1620 horumque
829 1536 1017 1601 auctoritate
1049 1523 1251 1621 regantur1);
1285 1539 1391 1602 tamur
1445 1574 1450 1594 ·

151 1658 210 1723 quo
232 1638 343 1704 melius
366 1638 403 1702 in·
418 1638 570 1721 religiosis
592 1638 750 1704 ordinibus
773 1640 877 1705 omnia
899 1631 1002 1704 essent
1023 1639 1105 1703 inter
1127 1658 1159 1703 se
1183 1642 1256 1722 epte
1272 1642 1304 1705 et
1319 1660 1391 1706 con·

151 1762 242 1822 nora,
273 1762 309 1807 ac
338 1741 459 1807 sodales
486 1742 601 1826 singuli
624 1744 734 1826 pacato
757 1745 790 1808 et
813 1743 969 1826 aequabili
991 1742 1074 1807 uitae
1098 1762 1189 1808 eursu
1211 1745 1390 1821 uterentur;

151 1846 282 1930 denique
304 1848 340 1911 ut
359 1847 441 1911 esset
462 1846 652 1911 incremento
674 1849 706 1912 et
728 1847 909 1929 perfectioni
924 1847 1091 1930 religiosae
1111 1849 1390 1932 conversaretur)

151 1950 342 2029 consultum,
372 1950 455 2015 haud
477 1950 633 2015 immerito
656 1951 789 2016 Romani
814 1951 996 2029 Pontifices,
1020 1969 1149 2034 quorum
1168 1954 1217 2015 est
1237 1951 1391 2017 dioeceses

150 2052 339 2133 adscribere,
370 2041 419 2118 ac
437 2072 508 2119 suos
531 2054 640 2138 cuique
662 2054 803 2119 subditos
826 2073 915 2120 saera
937 2055 1091 2137 potestate
1113 2054 1268 2139 regundos
1290 2055 1390 2120 adtri-

146 2157 258 2249 buere,
291 2155 415 2222 Clerum
442 2156 628 2241 Regularum
650 2158 869 2240 llpisooporum
892 2157 1107 2241 jurisdictione
1131 2160 1305 2241 exemptum
1326 2178 1391 2225 esse

150 2262 339 2327 statuerunt.
387 2260 482 2345 Cujus
512 2261 555 2326 rei
584 2281 643 2326 non
674 2281 712 2327 ea
738 2262 800 2328 fuit
833 2281 928 2327 causa
954 2262 1034 2346 quod
1056 2262 1210 2345 placuerit
1232 2261 1391 2346 religiosas

150 2364 332 2430 sodalitates
353 2365 471 2449 potiore
491 2365 664 2431 conditione
688 2367 750 2432 lrui
772 2386 866 2450 quem
881 2366 996 2431 elerum
1012 2366 1220 2443 saecularem3
1245 2366 1298 2432 sed
1312 2366 1411 2449 quod,

150 2486 256 2533 esrum
280 2467 389 2535 domus
413 2469 538 2536 habitae
561 2470 677 2536 luerint
696 2470 776 2555 juris
798 2470 923 2535 fictione
948 2470 1035 2554 quasi
1059 2470 1216 2535 territoria
1238 2469 1391 2552 quaedem

150 2572 188 2636 ab
213 2572 287 2656 ipsis
311 2572 501 2639 dioecesibus
524 2560 639 2639 auulsa.
685 2574 731 2639 Ex
762 2594 822 2658 quo
852 2574 970 2640 fectum
1005 2576 1053 2639 est
1083 2575 1120 2638 ut
1151 2573 1315 2657 religiosae
1345 2574 1390 2638 f-

150 2675 266 2755 miliae‚
290 2696 365 2759 quas
385 2678 454 2760 jure
478 2678 632 2743 communi
654 2680 686 2743 et
708 2678 869 2762 Episcopis
890 2681 1015 2762 propter
1030 2678 1217 2743 hieratioum
1233 2677 1389 2761 principe-

149 2781 235 2857 tum,
268 2779 300 2843 et
333 2774 475 2845 Pontifici
499 2782 631 2847 marimo
655 2784 777 2867 propter
800 2783 969 2867 primatum
991 2782 1189 2848 Pontificium
1211 2781 1391 2846 immediate

150 2883 291 2961 subesse,
315 2886 470 2967 oporteret
478 2889 521 2968 ³),
551 2887 582 2951 in
606 2886 682 2970 Ejus
706 2888 859 2971 potestate
878 2906 943 2953 esse
962 2887 1168 2969 perrexerint,
1200 2904 1235 2949 ex
1262 2885 1389 2969 Episco-

149 3005 261 3069 porum
282 2988 436 3070 potestate
458 3008 513 3073 per
533 2990 730 3075 privilegium
754 2990 894 3069 exierint.
929 2988 1031 3071 Quum
1044 2991 1159 3054 *eutem
1178 3008 1211 3052 re
1227 2988 1294 3070 ipsa
1308 2982 1405 3053 intra

149 3090 225 3155 fines
249 3090 437 3157 dioecesium
459 3092 555 3159 vitam
575 3094 699 3177 degant,
724 3093 768 3157 sic
789 3091 882 3175 liujus
902 3092 1057 3176 privilegii
1079 3091 1313 3177 temperaturis
1333 3094 1390 3170 est,

149 3194 185 3257 ut
207 3195 293 3279 sarta
315 3192 401 3259 tecta
423 3195 464 3259 sit
487 3195 666 3261 dioecesana
689 3194 871 3277 discipline,
902 3194 1037 3278 adeoque
1057 3197 1094 3259 nt
1115 3193 1215 3258 clerus
1237 3193 1390 3276 regularis

149 3298 181 3362 in
209 3297 317 3363 multis
347 3299 471 3366 subesse
501 3300 613 3366 debeat
645 3300 812 3384 episcopali
846 3298 994 3384 potestati
1028 3299 1092 3365 sive
1121 3297 1299 3384 ,ordinariae
1325 3297 1390 3362 slve

150 3399 322 3485 delegatae.
724 3424 727 3428 ·
1336 3399 1341 3413 '

253 3505 299 3569 De
322 3504 379 3569 hoc
400 3504 507 3589 itaque
528 3493 690 3591 priyilegio
713 3506 915 3597 exemptionis
946 3505 1123 3571 dubitatum
1153 3506 1216 3584 est,
1247 3524 1321 3569 num
1356 3522 1391 3569 ee
1441 3546 1447 3554 ,

149 3606 331 3673 muniantur
353 3608 492 3692 religiosi
514 3608 647 3690 sodales,
671 3611 724 3695 qui
747 3612 780 3675 in
799 3610 917 3693 buglis
932 3611 964 3675 et
979 3609 1084 3675 Scotia
1099 3609 1280 3675 missionum
1296 3628 1391 3674 eausa

148 3704 338 3777 eouiistunt:
361 3712 393 3776 hi
413 3714 495 3777 euim
520 3715 555 3779 ut
575 3715 744 3797 plurimum
763 3716 797 3779 iu
819 3713 949 3798 priuatis
972 3713 1114 3779 domibus
1131 3714 1222 3793 terni,
1246 3712 1322 3791 bini,
1342 3713 1390 3776 in-

149 3815 271 3880 terdum
308 3816 425 3900 singuli
461 3820 700 3884 commorantur.
762 3819 815 3883 ilt-
837 3818 978 3902 quemvis
1014 3818 1201 3883 Benedictus
1235 3817 1320 3883 XlV.
1358 3815 1390 3879 iu

150 3919 281 3986 Constit.
312 3919 530 4001 Apostolicum
561 3924 786 4002 ministerium,
828 3923 858 3988 3.
886 3922 987 3989 kalen.
1016 3922 1105 3987 Junii
1134 3939 1214 3985 anno
1243 3921 1391 3986 Incurua-

148 4022 242 4121 tionis
265 4023 446 4089 Domirricae
470 4026 571 4105 1753,
603 4028 788 4092 memoratos
810 4026 1020 4093 missionarios
1041 4025 1202 4109 regulares
1223 4023 1387 4108 privilegio

129 4238 133 4245 Χ
253 4198 280 4265 1)
299 4196 399 4253 Concil.
418 4199 492 4255 Trid.
510 4209 581 4255 sess:
594 4200 636 4255 23.
656 4203 692 4257 dc
712 4216 846 4257 socrum.
866 4204 932 4257 ord.
951 4217 1009 4256 can.
1033 4202 1058 4254 7.

252 4283 279 4353 2)
298 4284 325 4339 S.
344 4283 456 4355 Gregor.
475 4287 511 4341 Μ.
530 4286 616 4356 Epist.
636 4287 687 4342 III.
704 4287 752 4343 lib.
770 4288 819 4341 lx.
834 4316 869 4326 —
880 4286 980 4342 Bened.
996 4286 1070 4341 xlv.
1089 4284 1175 4354 llpist.
1188 4285 1296 4359 Deerat.
1312 4288 1391 4355 Apo·
1422 4283 1432 4292 '

148 4372 277 4425 stoltcac
296 4374 464 4436 servitutis,
483 4372 551 4442 prid.
570 4372 635 4429 idus
653 4374 735 4430 Mart.
755 4374 834 4429 1142.

252 4455 280 4525 3)
300 4454 400 4511 Concil.
419 4458 506 4513 Vatia.
527 4457 642 4516 Constit.
667 4462 781 4518 Pastor
799 4461 945 4517 aeternus
963 4474 1019 4527 cap.
1037 4458 1062 4512 3.
