3109 4859
556 110 655 183 Koba,
675 116 733 171 Die
752 111 981 186 Wetbbtecbble.
1326 96 1390 163 219

150 304 348 371 quocunque,
384 306 474 369 quem
509 288 671 368 malueris,
706 288 859 353 catholico
889 287 1059 367 Antistite,
1094 288 1231 373 gratiam
1252 289 1284 353 et
1307 307 1389 354 com·

148 390 326 456 munionem
348 390 498 469 habente,
533 392 640 457 accitis
675 394 707 457 ot
740 392 771 456 in
805 392 864 457 boc
897 391 1175 457 sibiassistentibus
1200 392 1320 457 dnobus
1341 392 1390 458 vel

148 494 251 561 tribus
271 485 341 560 aliis
362 494 523 559 catholicis
546 495 794 579 Archiepisccpis
810 496 859 561 vel
874 495 1043 579 Episcopis,
1068 495 1185 561 similes
1207 496 1342 580 gratiam
1358 497 1390 561 et
1516 560 1518 564 ,

149 599 392 665 communionem
409 599 604 681 habentibus,
627 618 740 664 munus
757 599 996 688 consociationis
1014 598 1111 665 libere
1128 600 1160 664 at
1172 598 1260 676 licite
1277 600 1388 678 valeas,

149 722 186 768 ac
209 700 309 768 cidem
328 702 482 783 antistiti,
507 705 543 769 ut
564 705 686 787 recepto
702 704 787 787 prius
802 723 856 787 per
878 723 948 769 aum
963 722 983 768 a
997 705 1040 783 te,
1064 704 1177 770 Nostro
1188 704 1221 769 ct
1233 704 1390 770 Romanae

149 806 305 871 Ecclesiae
327 806 466 886 nomine,
487 806 649 873 fidelitatis
672 806 794 873 debitae
817 808 910 874 solito
929 808 1116 891 juramento,
1136 807 1227 891 juxta
1246 808 1389 885 lorm'am,

149 930 243 994 quam
263 910 321 975 sub
341 909 435 975 Bulla
457 912 573 977 Nostra
595 912 767 989 mittimus,
788 904 1010 991 introclusam,
1031 930 1144 977 munus
1164 910 1283 995 ipsum,
1306 912 1390 976 Auc-

150 1014 278 1079 toritate
298 1014 429 1093 Nostra,
461 1015 519 1080 tibi
547 1015 722 1100 impendere
745 1016 831 1082 licite
851 1016 962 1101 possit,
992 1016 1116 1099 plenam
1140 1017 1172 1081 et
1194 1014 1323 1080 liberam
1343 1013 1391 1078 f-

151 1118 299 1184 cultatem
334 1117 503 1202 respective
538 1107 732 1185 concedimus
765 1139 820 1204 per
852 1121 1039 1203 praesentes.
1100 1118 1250 1185 Volumus
1284 1120 1390 1183 autem

150 1223 244 1305 atquc
271 1222 357 1287 dicta
386 1222 574 1288 auctoritate
601 1223 767 1306 statuimus
791 1224 885 1305 atque
907 1223 991 1288 dicta
1013 1222 1201 1288 auctoritate
1222 1222 1390 1287 statuimus

151 1328 245 1409 atque
267 1325 476 1417 decernimus,
506 1325 669 1409 quodnisi
691 1327 814 1409 recepto
837 1344 857 1390 a
878 1327 911 1391 te
933 1344 987 1410 per
1008 1326 1110 1409 ipsum
1134 1325 1319 1392 Antistitem
1338 1326 1389 1410 ju·

150 1430 290 1494 ramento
311 1428 464 1513 praefato,
489 1428 572 1493 idem
596 1430 737 1496 ⁴antistes
759 1449 872 1495 monus
893 1430 1001 1513 ipsum
1019 1430 1077 1495 tibi
1101 1430 1278 1513 impendere
1301 1431 1333 1495 et
1354 1431 1391 1495 tu

150 1532 227 1597 illud
250 1533 404 1615 suscipere
422 1532 539 1603 temere
561 1533 844 1616 praesumpseritis,
875 1534 957 1598 idem
990 1532 1131 1599 Antistas
1155 1552 1173 1597 a
1196 1533 1390 1600 Pontificatis

149 1635 243 1701 olficii
265 1635 419 1713 exercitio,
443 1637 474 1699 et
496 1636 564 1700 tam
586 1637 661 1719 ipse,
686 1656 778 1721 quam
803 1630 838 1701 tu
861 1656 879 1703 a
900 1636 1061 1721 regimine,
1087 1637 1390 1703 aadministratione

149 1742 213 1804 tam
235 1738 444 1823 spiritualium
467 1759 561 1823 quam
584 1740 801 1824 temporalium
828 1738 1027 1812 ecclesiarum
1052 1742 1226 1806 vestrarum
1251 1742 1391 1824 suspensi

150 1842 219 1907 sitis
241 1861 275 1908 eo
299 1843 374 1927 ipso.
421 1842 572 1908 Volumus
594 1844 700 1923 etiam,
724 1844 806 1928 quod
828 1846 959 1910 lormam
979 1844 1150 1928 juramenti
1173 1844 1350 1929 hujusmodi
1373 1862 1392 1909 a

149 1949 181 2012 te
205 1966 283 2011 nuno
306 1947 448 2030 praestiti
471 1946 568 2014 Nobis
592 1948 629 2013 de
653 1949 743 2014 verbo
767 1949 806 2013 ad
830 1949 957 2015 verbum
979 1968 1033 2032 per
1060 1949 1132 2014 tuas
1162 1949 1304 2032 patentes
1336 1948 1389 2014 lit·

150 2051 251 2128 teras‚
286 2067 339 2115 suo
363 2048 474 2135 Sigillo
496 2050 650 2129 munitas,
681 2071 734 2136 per
755 2052 913 2135 proprium
935 2054 1077 2118 nuntium
1101 2051 1311 2136 quantocitius
1333 2053 1389 2119 de·

150 2153 266 2217 stinare
288 2172 440 2235 procures.
485 2154 526 2219 Et
553 2155 776 2239 insupertibi,
810 2157 846 2221 ut
880 2156 920 2224 ad
957 2156 1074 2221 dictam
1109 2155 1389 2223 Germaniciensem

149 2256 322 2332 ecclesiam,
346 2258 494 2340 quamdiu
517 2258 573 2323 illa
597 2260 636 2324 ab
658 2259 836 2325 infidelibus
859 2258 1060 2339 detinebitur,
1084 2260 1237 2340 accedere,
1261 2262 1293 2325 et
1309 2261 1390 2344 apud

149 2359 238 2426 illam
261 2362 462 2444 personaliter
485 2362 619 2428 residere
643 2363 768 2429 minime
792 2362 945 2442 tenearis,
981 2364 1018 2428 de
1052 2362 1178 2445 speciali
1209 2364 1312 2447 gratia
1342 2364 1391 2428 in·

81 2484 85 2488 ’
149 2463 322 2547 dulgemus.
368 2466 532 2531 Praeterea
554 2466 624 2544 tibi,
647 2468 683 2531 ut
703 2467 822 2531 statum
844 2468 932 2531 tuum
953 2465 1043 2550 juxta
1065 2465 1256 2531 Pontificalis
1279 2466 1390 2551 Digni-

149 2568 225 2632 tatis
248 2568 437 2652 exigentiam
458 2568 618 2634 decentius
651 2572 754 2635 tenere
784 2569 907 2649 valeas,
942 2569 980 2634 de
1012 2569 1145 2652 alicujus
1178 2569 1390 2635 subventionis
1425 2569 1429 2576 '

149 2664 262 2737 auritio
284 2672 443 2755 providere
464 2691 501 2737 ac
524 2672 687 2755 specialem
711 2674 847 2757 gratiam
869 2673 968 2739 lacere
995 2673 1150 2750 volentes,
1185 2672 1282 2757 deque
1304 2674 1389 2756 Apo·

149 2774 276 2840 stolidae
299 2776 468 2841 Potestatis
491 2776 683 2859 plenitudine
701 2781 821 2856 tecum,
846 2777 882 2841 ut
904 2777 1092 2855 Decanatus,
1116 2796 1207 2859 quern
1223 2777 1255 2841 in
1271 2777 1390 2843 Metro·

100 2878 110 2887 ‘
149 2878 521 2962 politana'Olomucensi,
553 2881 590 2945 ut
621 2880 814 2963 accepimus,
827 2914 831 2923 ·
845 2880 884 2944 ad
907 2898 1051 2963 praesens
1073 2880 1208 2959 obtines,
1239 2882 1274 2945 ut
1295 2880 1388 2963 prius,

149 2981 248 3065 quoad
271 2982 394 3061 vixeris,
425 3002 487 3048 una
518 3003 589 3050 eum
623 2984 708 3049 dicta
731 2984 861 3049 ecelesia
884 2982 1141 3062 Germaniciensi,
1174 2982 1322 3067 quamdiu
1343 2983 1391 3048 illi

148 3086 325 3169 praefueris,
350 3081 484 3153 retinere
505 3088 601 3154 libere
625 3090 656 3154 et
678 3088 764 3155 licite
779 3088 893 3166 valeas,
911 3086 1388 3153 ‘ConstitutionibusetOrdina·

149 3188 286 3254 tionibus
309 3191 494 3274 apostolicis
517 3210 558 3257 ac
576 3187 789 3258 Olcmucensis
812 3191 969 3270 ecclesiae,
992 3191 1087 3255 etiam
1110 3192 1295 3274 juramento,
1318 3208 1390 3254 coo-

149 3292 323 3357 firmatione
346 3294 523 3377 Apostolioa
543 3295 592 3361 vel
614 3294 892 3379 quavis-firmitate
917 3294 979 3357 alia
1002 3293 1171 3371 roboratis,
1202 3294 1331 3358 statutis
1358 3295 1390 3358 et
1425 3349 1429 3357 .
1463 3340 1472 3344 -

150 3396 422 3462 consuetudinibus
444 3398 634 3481 caeterisque
657 3398 819 3464 contrariis
842 3415 1035 3481 nequaquam
1064 3398 1275 3477 obstantibus,
1307 3397 1390 3479 ipsa·

149 3520 218 3565 rum
242 3504 345 3589 tenore
368 3502 578 3585 praesentium
599 3502 635 3567 de
658 3502 802 3585 specialis
825 3500 904 3567 dono
927 3501 1048 3585 gratiae
1069 3501 1391 3585 dispensamussbe·

149 3606 308 3669 cernentes
330 3607 508 3689 propterea,
540 3605 731 3672 Decanatum
759 3605 933 3689 praelatum
958 3606 1084 3673 minime
1107 3626 1234 3683 vacare,
1265 3605 1389 3670 irritum
1450 3678 1458 3685 ,

148 3726 268 3791 quoque
291 3710 323 3773 et
345 3708 452 3789 inane,
475 3709 502 3774 si
525 3728 612 3777 secus
635 3728 726 3793 super
750 3710 799 3774 his
823 3728 841 3773 a
863 3728 1033 3793 qucquam,
1055 3710 1164 3792 quavis
1192 3699 1389 3787 auctoritate,

148 3812 282 3877 scienter
304 3811 353 3877 vol
375 3813 554 3897 ignoranter
576 3798 741 3899 contigerit
763 3812 923 3879 attentari.
968 3813 1121 3879 Volumus
1142 3811 1282 3894 deniqne,
1307 3812 1389 3895 quod

150 3914 324 3982 Decanatus
346 3916 504 4000 praefatus
527 3916 639 3982 debitis
662 3917 825 4001 propterea
854 3934 915 3981 non
944 3915 1106 3981 fraudetur
1134 3898 1303 3997 obsequiis,
1335 3915 1390 3980 sed

149 4019 216 4105 ejus
239 4039 392 4105 congruae
422 4021 642 4104 supportentur
672 4038 764 4085 onera
794 4020 950 4085 consueta.
1007 4019 1124 4083 Datum
1159 4018 1275 4084 Rome
1308 4019 1389 4101 apud
1480 4019 1488 4026 ’

148 4124 289 4187 sanctum
312 4123 451 4201 Petrum,
474 4142 553 4188 anno
575 4122 800 4189 incarnationis
814 4122 993 4189 Dominicae
1006 4122 1170 4203 Milesimo,
1194 4121 1390 4208 octingente-

148 4226 235 4307 simo,
260 4226 457 4311 octogesimo,
477 4228 588 4293 ,Idibus
612 4228 800 4294 Decembris.
839 4225 1044 4293 Pontificatus
1064 4225 1173 4292 Nostri
1189 4244 1268 4291 anno
1284 4226 1388 4292 tertio.
1433 4247 1436 4251 ·

1216 4539 1283 4613 15*
