3109 4859
341 110 454 169 necnon
471 110 557 169 err.
577 113 733 169 nuncnunc
753 114 859 168 aalma
878 111 928 169 ore
947 113 973 166 4.
992 113 1069 185 Any.
1088 103 1169 169 noer.
1312 91 1372 161 311

118 270 319 373 propositam
342 306 443 352 coram
467 286 587 371 Synodo
608 286 722 365 edidit,
753 286 891 370 obsequii
921 289 952 352 et
979 286 1150 353 devotionis
1172 307 1279 353 sensus
1302 308 1376 373 erga

119 395 214 459 hauc
239 392 450 476 Apostolicam
472 390 581 455 Senem
604 390 778 455 luculenter
800 390 951 473 exposuit,
975 392 1007 455 et
1029 391 1059 455 in
1084 392 1151 475 ejus
1173 392 1233 457 tide
1255 394 1287 458 et
1303 412 1375 457 auc-

119 497 259 561 toritate
293 515 325 560 se
359 496 505 578 perpetuo
542 495 679 558 turturum
712 495 892 560 declaravit.
939 496 1042 560 Firma
1064 495 1170 579 itaque
1191 496 1305 561 fiducia
1328 500 1377 561 est

122 584 242 679 Nobis,
266 598 464 664 venerabiles
480 598 612 677 Fratres,
635 596 777 663 eumdem
802 597 1015 663 Patriarcham
1040 599 1173 664 electum
1197 618 1249 665 seu
1269 601 1375 684 postu·

122 704 251 779 latum,
275 702 381 785 quiin
405 701 554 765 varietate
578 720 736 765 munerum
761 720 841 784 quac
864 702 961 785 gessit
983 702 1194 767 observantiae
1217 722 1292 796 erga
1314 704 1375 768 lto·

124 826 256 872 suanam
280 805 460 881 Ecclesiam,
485 804 614 887 peritiae
639 804 669 869 in
693 805 784 870 rebus
801 804 939 887 agendis,
964 806 1155 870 constantiae
1173 805 1203 869 iu
1224 806 1376 871 catholica
1474 803 1478 808 ’

125 911 255 975 unitate
276 908 390 974 tuenda
412 908 573 991 perspicua
596 911 782 991 argumenta
804 928 924 994 semper
939 909 1088 989 exhibuit,
1113 929 1234 975 omnem
1251 929 1373 993 operam

126 1016 300 1090 «laturum,
335 1015 370 1077 ut
398 1013 430 1076 iu
460 1031 494 1077 eo
523 1012 713 1095 amplissimo
736 1014 835 1097 gradu
858 1032 947 1097 quem
970 1013 1124 1091 obtinet,
1140 1014 1281 1078 omnibus
1304 1014 1375 1091 borni

128 1119 272 1183 Pastoris
293 1118 433 1201 partibus
456 1118 523 1181 tum
549 1118 649 1194 verbo,
673 1118 740 1182 tum
760 1117 908 1199 exemplo,
930 1119 998 1183 tum
1021 1117 1124 1183 studio
1147 1118 1178 1182 iu
1202 1118 1373 1182 animarum

128 1222 235 1287 saluto
258 1220 440 1304 quaerenda,
465 1220 598 1285 fideliter
619 1222 802 1286 satisfaciat.
836 1222 903 1285 Hac
926 1221 1040 1285 fiducia
1062 1205 1165 1299 erecti,
1191 1221 1228 1285 de
1248 1222 1376 1286 consilio
1439 1261 1442 1266 ·

125 1326 267 1417 Nostrae
290 1318 545 1408 (longvegatiouis
569 1325 655 1389 Fidei
682 1324 903 1408 Propagaudae
930 1324 1134 1412 Orientalium
1168 1323 1374 1391 Ecclesiarum
1474 1360 1482 1370 =

129 1430 267 1512 negotiis
290 1430 490 1512 praepositae,
513 1428 654 1511 precibus
678 1428 815 1510 ejusdem
832 1428 923 1492 electi
940 1447 993 1493 seu
1010 1428 1157 1510 postulati
1178 1429 1375 1497 Patriarclvae

109 1534 164 1613 ¹et
186 1532 438 1616 Coepiscopovum
462 1531 746 1616 ejus'annuendunv
769 1532 954 1609 censuimus,
977 1534 1010 1596 et
1024 1532 1165 1596 eumdem
1182 1530 1374 1615 Stephanum

130 1634 266 1699 Anarian
291 1636 323 1700 in
348 1636 559 1702 Patriarolram
582 1635 709 1701 Ciliciae
732 1635 946 1700 Armeniorum
965 1635 1145 1719 Apostolica
1164 1636 1280 1701 Nostra
1302 1655 1399 1700 auc-v

130 1738 262 1803 toritate
283 1739 526 1805 confirmandum
550 1741 582 1804 et
604 1740 747 1806 canonice
770 1738 995 1823 instituendum
1017 1738 1218 1804 decrevimus.

237 1842 346 1926 ltaque
367 1844 553 1909 auctoritate
585 1842 815 1926 Omnipoteutis
843 1843 919 1921 Dei,
951 1845 1128 1908 sauotomm
1160 1842 1375 1926 Apostolorum

132 1946 220 2011 Petri
242 1948 273 2010 ot
298 1946 386 2011 Pauli
409 1964 445 2011 ao
467 1946 584 2013 Nostra
605 1947 822 2013 continuamus
845 1949 877 2012 ct
899 1947 1103 2032 approbamus
1119 1946 1300 2011 electionem
1322 1965 1377 2009 seu

132 2049 369 2132 postulationem
395 2068 413 2113 a
436 2050 673 2115 Venerabilibus
702 2049 864 2115 Fratribus
891 2050 1049 2134 Episcopis
1073 2050 1228 2115 Armeniis
1251 2048 1377 2115 Ciliciae

132 2154 249 2218 tactam
278 2152 315 2217 cle
338 2170 467 2235 persona
497 2153 648 2236 praedicti
677 2154 908 2235 Arobiepiscopi
931 2153 1079 2237 Stepbani
1104 2154 1255 2231 Anarian,
1285 2172 1375 2235 quem

133 2254 322 2320 absolvimus
345 2274 364 2319 a
386 2254 508 2321 vinculo
532 2275 591 2338 quo
613 2256 778 2321 tenebatur
802 2249 956 2321 Ecclesiae
980 2256 1151 2321 Nicosiensi
1175 2250 1219 2321 in'
1229 2257 1378 2337 partibas

133 2358 320 2441 torpentium,
345 2376 381 2423 ac
402 2359 617 2425 transierimus
640 2360 678 2423 ud
700 2359 944 2424 Putriarchalem
969 2360 1139 2424 Ecclesiam
1161 2359 1290 2425 Ciliciae
1314 2361 1374 2423 Ar-

133 2462 315 2538 mouiorum,
340 2461 553 2545 praeficientes
576 2482 645 2527 eum
669 2462 885 2527 Patriarobam
908 2464 940 2527 et
963 2463 1121 2527 Pastorem
1145 2462 1247 2527 eidem
1269 2462 1374 2527 Patri-

134 2563 253 2631 arobali
278 2550 448 2657 Ecclesiae,
481 2568 573 2648 prout
599 2566 629 2631 in
652 2566 783 2631 Decreto
806 2569 839 2630 ot
861 2565 1015 2631 Schevlula
1036 2565 1301 2653 consistorialibus
1325 2584 1376 2629 ex·

134 2670 294 2751 primaten,
317 2670 479 2736 contrariis
494 2670 737 2754 quibuscumque
754 2690 813 2735 nou
829 2670 1035 2737 obstantibus.
1063 2671 1098 2735 Iu
1116 2669 1238 2735 nominc
1253 2668 1377 2752 Pa†tris

135 2776 166 2835 et
190 2772 282 2855 Ei†lii
305 2775 338 2839 et
359 2772 630 2857 Spiritusffiancti.
677 2776 787 2839 Amen.
