3109 4859
180 13 244 77 446
431 27 545 83 Leonta
564 26 650 80 XIII.
671 27 716 79 lit.
736 30 835 93 apost.
854 26 883 78 d.
902 25 930 78 d.
944 24 972 77 5.
991 20 1172 78 Jolet1881.

180 198 317 265 studiose
339 216 412 263 snas
434 197 515 262 vires
539 194 711 260 intendant.
757 193 949 277 Quapropter
981 213 1035 276 pro
1070 194 1154 257 certo
1183 191 1366 257 habentes
1414 210 1488 253 non

182 302 358 367 defuturam
380 300 488 365 tantae
511 299 555 363 rei
576 298 756 365 munificam
780 296 1003 361 liberalitatem
1018 295 1210 378 pientissimi
1229 292 1486 376 imperatoris

181 407 213 470 et
236 404 330 487 Regis
353 402 535 487 Apostolici,
558 400 727 467 statuimus
750 419 787 465 ac
802 400 1006 479 decernimus,
1023 401 1059 463 ut
1074 400 1210 478 interim,
1235 398 1337 462 nulla
1370 415 1482 459 mora

181 508 362 593 interjecta,
399 507 431 571 iu
465 504 685 571 archidioecesi
720 503 950 568 Verhbosnensi
997 502 1188 568 clericorum
1219 499 1479 568 Seminarium

180 609 366 695 provinciale
388 608 579 687 instituatur,
605 624 664 690 quo
687 606 867 681 necessitati
889 606 1021 689 prospici
1045 606 1140 689 queat
1162 624 1232 669 cum
1256 603 1478 668 archidioe-

181 715 259 781 cesis
278 713 381 791 illius,
414 713 482 777 tum
518 713 709 776 caeterarum
734 709 938 789 dioecesium,
972 727 1048 792 quas
1082 708 1181 773 eidem
1216 708 1476 794 suffraganeas
1513 777 1515 798 ἰ

121 868 127 875 .
182 817 386 903 adjunximus.
432 816 479 880 Ac
507 815 588 880 bona
614 832 739 897 prorsus
762 833 817 897 spe
839 814 970 879 nitimur
993 833 1028 879 ea
1051 814 1171 879 ratione
1193 832 1228 877 ac
1252 830 1318 895 ope
1348 830 1471 876 evan·
1513 805 1515 816 ²

182 922 297 1007 geticos
327 918 479 1003 operarios
514 917 711 1002 quamplures
744 916 861 1001 optime
894 918 1088 1001 comparatos
1119 937 1135 981 e
1166 917 1247 981 clero
1277 914 1469 980 saeculari

182 1024 341 1101 entituros,
363 1021 415 1105 qui
437 1020 571 1088 fideliter
594 1020 799 1103 alacriterque
823 1021 964 1086 excolant
986 1020 1106 1107 cineam
1128 1019 1264 1096 Domini,
1293 1037 1374 1082 uno
1407 1036 1468 1081 ca-

181 1125 286 1190 ritatis
309 1125 340 1189 et
361 1124 538 1191 concordiae
562 1126 674 1207 spiritu
702 1143 771 1189 cum
795 1124 1010 1209 religiosarum
1034 1124 1270 1207 disciplinarum
1294 1122 1467 1187 alumnis

93 1210 100 1221 ’
182 1226 356 1311 conjuncti,
387 1246 462 1311 quos
485 1226 588 1312 dignis
610 1227 720 1293 officiis
741 1228 885 1310 prosequi
907 1248 963 1310 par
986 1211 1094 1293 est‘ob
1114 1227 1276 1292 diuturnos
1297 1226 1462 1291 labores,

154 1389 159 1402 ,
181 1332 293 1417 quibus
317 1330 355 1395 de
378 1330 516 1397 Ecclesia
536 1334 568 1397 et
589 1330 626 1395 de
650 1330 824 1395 animarum
848 1330 950 1396 salute
973 1330 1163 1403 benemereti
1185 1331 1217 1394 in
1239 1329 1279 1393 iis
1293 1328 1459 1412 regioni·

185 1436 242 1499 bus
264 1433 371 1501 sedulo
394 1435 590 1501 studuerunt.
637 1435 787 1501 Volumus
810 1436 914 1501 antem
941 1454 978 1500 ea
996 1435 1153 1500 accurate
1184 1434 1323 1510 servari,
1363 1452 1458 1515 quae

184 1538 339 1622 sapienter
362 1558 380 1602 a
402 1538 583 1605 Tridentina
606 1538 726 1623 Synodo
749 1539 870 1603 statuta
890 1539 973 1617 sunt,
996 1540 1066 1603 tum
1085 1538 1195 1621 quoad
1208 1536 1357 1621 ejusdem
1386 1536 1453 1601 Se·

184 1640 308 1706 minerii
317 1639 486 1725 regimen,
517 1640 586 1705 tum
615 1639 716 1723 quoad
746 1639 981 1705 instructionem
1004 1642 1036 1705 et
1059 1640 1205 1706 bonorum
1230 1638 1452 1705 administra-

184 1744 311 1810 tionem.
802 1758 807 1765 ²

286 1846 337 1915 Sic
359 1845 459 1930 igitur
477 1846 509 1911 in
534 1845 665 1910 Bosniae
687 1847 720 1911 et
742 1845 974 1929 Herzegovinac
1001 1845 1196 1911 districtibus
1217 1844 1448 1910 ecclesiastica

183 1949 340 2034 prouincia
361 1948 462 2026 unica,
485 1949 635 2031 quantum
660 1950 836 2030 praesentes
858 1968 908 2013 res
929 1948 1043 2028 ferunt,
1061 1968 1097 2013 ex
1113 1968 1174 2015 uno
1190 1948 1445 2032 Archiepiseopo

183 2072 238 2117 seu
260 2051 496 2135 metropolitano
518 2049 672 2115 Antistite
704 2051 735 2115 et
763 2050 865 2117 tribus
889 2051 1094 2135 suffraganeis
1126 2052 1284 2135 Episcopis
1314 2053 1442 2117 eonsti-

183 2157 263 2234 tuta,
288 2154 385 2221 Nobis
408 2156 440 2219 et
463 2154 610 2219 Romanis
634 2153 839 2245 Pontificibus
862 2154 1096 2221 successoribus
1117 2154 1242 2221 Nostris
1261 2155 1330 2238 jam
1348 2174 1439 2220 nnnc

182 2262 375 2326 reservatum
397 2257 599 2337 declaramus,
622 2260 658 2321 nt
680 2261 799 2325 erectas
813 2260 847 2323 et
862 2258 1023 2325 institutas
1044 2259 1197 2325 dioeceses
1212 2260 1244 2323 in
1263 2258 1353 2339 alias,
1379 2260 1437 2323 ubi

183 2382 259 2447 opus
281 2362 359 2441 erit,
380 2362 572 2445 partiamur,
595 2380 763 2444 earumque
784 2381 947 2427 numerum
970 2382 1156 2447 augeamus,
1179 2363 1297 2427 limites
1312 2362 1436 2426 immu-

183 2470 302 2547 temus,
335 2485 371 2531 ac
404 2466 554 2550 quidquid
588 2465 672 2530 aliud
707 2466 848 2549 expedire
877 2466 909 2530 in
938 2466 1069 2531 Domino
1092 2466 1192 2532 visum
1215 2466 1308 2531 fuerit
1332 2466 1434 2531 libere

183 2570 391 2664 perficiamus,
434 2569 564 2635 Interim
588 2569 824 2653 Archiepiscopo
855 2572 888 2635 et
922 2569 1080 2654 Episcopis
1103 2570 1288 2653 supradietis
1309 2570 1432 2651 praeei-

185 2675 288 2760 pimus
311 2676 352 2741 et·
365 2674 563 2751 mandamus,
596 2674 631 2738 ut
652 2672 818 2739 relationes
838 2673 876 2739 de
899 2692 1026 2738 suarum
1048 2672 1257 2762 Ecclesiarum
1279 2674 1364 2738 statu
1385 2674 1428 2737 ad

184 2778 397 2862 Apostolicam
420 2775 530 2842 Sedem
554 2775 667 2841 debitis
690 2768 888 2869 temporibus
908 2778 1053 2856 mittant,
1090 2795 1145 2841 nec
1179 2776 1331 2842 desistant
1360 2776 1426 2841 Nos

184 2881 353 2948 instructos
375 2879 503 2945 reddere
526 2880 564 2945 de
586 2880 626 2945 iis
648 2880 807 2961 omnibus,
833 2900 912 2964 quae
933 2900 989 2969 pro
1011 2879 1107 2946 officii
1129 2899 1256 2946 munere
1271 2887 1314 2943 *ac
1327 2873 1424 2962 ‘spiri-

183 2984 263 3062 tuali
290 2984 429 3051 fidelium
457 2984 534 3049 bono
565 2983 710 3049 nunciare
741 2987 773 3049 et
801 2985 915 3069 referre
944 3003 977 3051 se
1006 2984 1105 3049 teneri
1127 2982 1341 3049 intellexerint.
1385 2983 1400 3046 Ι

183 3104 270 3153 sacro
292 3106 362 3153 vero
385 3087 459 3153 cleri
481 3087 647 3171 populique
669 3087 821 3171 regimine
841 3088 935 3171 atque
957 3088 1151 3168 incaeteris,
1173 3107 1252 3171 quae
1268 3088 1307 3153 ad
1321 3090 1419 3171 pasto·

183 3190 249 3257 rale
271 3190 476 3257 ministerium
500 3190 665 3272 pertinent,
688 3191 946 3276 Archiepiscopus
975 3193 1007 3257 et
1028 3192 1172 3275 Episcopi
1200 3189 1331 3275 praefati
1354 3209 1416 3255 om·
1513 3205 1515 3272 ι

81 3303 85 3314 ’
184 3294 275 3359 nibus
296 3294 439 3359 fruantur
457 3292 578 3377 juribus
600 3296 632 3361 et
654 3294 874 3375 facultatibus,
910 3296 1021 3378 quibus
1052 3282 1118 3361 alii'
1133 3294 1264 3361 aliarum
1284 3294 1415 3379 gentium
1513 3279 1515 3306 '

184 3396 330 3463 catholici
351 3396 582 3480 archiepiscopi
605 3399 637 3462 et
657 3397 801 3481 Episcopi
824 3417 859 3464 ex
883 3400 1038 3464 communi
1053 3418 1211 3465 sacrorum
1227 3417 1371 3463 canonum
1385 3400 1415 3463 et

184 3498 423 3597 apostolicarum
446 3500 701 3571 const'tutionum
725 3501 755 3567 vi
777 3501 923 3567 fruuntur
940 3521 975 3566 ao
993 3502 1055 3567 frui
1070 3504 1232 3598 poterunt3
1255 3501 1413 3583 iisdemque

186 3602 302 3687 pariter
324 3602 559 3687 obstringantur
582 3602 836 3687 obligationibus,
859 3606 970 3688 quibus
994 3606 1048 3669 alii
1071 3605 1241 3671 antistites
1264 3625 1298 3670 en
1318 3603 1410 3669 eadem

184 3706 341 3773 communi
372 3709 404 3773 et
435 3705 572 3790 generali
603 3704 782 3773 Catholicae
812 3695 969 3775 Ecclesiae
993 3708 1158 3792 disciplina
1179 3707 1409 3791 obstringuntur.
1513 3711 1515 3732 ²

184 3798 401 3895 Quaecumque
422 3810 582 3894 propterea
605 3810 670 3876 sive
693 3830 728 3875 en
750 3812 880 3903 antiqua
903 3812 1110 3878 Ecclesiarum
1134 3812 1267 3877 Bosniae
1289 3813 1319 3875 et
1337 3810 1408 3874 Her-

121 3974 123 3983 ,
184 3914 347 3999 negorinae
370 3914 507 3994 ratione,
535 3913 599 3980 sive
632 3914 664 3979 in
692 3914 892 3999 subsequenti
916 3916 1098 3982 Missionum
1123 3915 1298 3982 conditione
1319 3933 1348 3978 er
1363 3932 1409 3997 pe·

184 4018 357 4084 culiaribus
375 4017 611 4083 constitionibus
626 4020 689 4084 aut
710 4018 884 4103 privilegiis
900 4021 949 4086 vel
965 4018 1239 4086 consuetudinibus
1260 4016 1407 4101 viguerint,

182 4120 315 4187 mutatis
337 4139 417 4185 nunc
440 4120 699 4201 circumstantiis,
734 4121 856 4186 nullum
891 4123 1020 4205 posthac
1051 4124 1116 4189 sive
1145 4122 1196 4206 jus
1219 4121 1283 4187 sire
1302 4120 1405 4204 obliga·

181 4224 298 4291 tionem
320 4223 476 4289 inducent.
490 4227 500 4233 “
513 4224 615 4307 Atque
636 4224 675 4289 ad
698 4244 767 4290 cum
790 4224 893 4304 finem,
916 4230 953 4291 ut
971 4226 1059 4291 nulla
1075 4226 1280 4323 inposterum
1294 4223 1406 4289 suboriri

183 4326 337 4391 dubitatio
360 4325 471 4403 valeat,
491 4326 557 4390 Nes
580 4326 688 4392 iisdem
711 4326 774 4391 illis
797 4328 1005 4410 peculiaribus
1025 4327 1297 4394 constitutionibus
1311 4318 1402 4409 acpri-
