3109 4859
161 70 226 133 240
266 86 360 141 Dcou.
379 86 462 141 XIII.
484 86 609 153 Eurycl.
628 88 657 139 d.
681 86 726 139 29.
746 86 822 142 Iure.
841 86 914 139 1881
932 87 971 139 de
989 91 1108 139 auctor.
1124 85 1188 153 pol.
1205 86 1342 152 imperit.

162 254 260 322 fioisci
281 259 363 321 recte
387 258 475 324 docet
497 258 651 335 Ecclesia3
686 257 717 322 id
752 258 834 323 euim
867 260 936 342 ipsa
963 257 1078 341 reperit
1099 258 1195 324 sacris
1220 256 1345 322 Litteris
1371 258 1410 321 et
1450 300 1455 305 -

163 360 369 425 monumentis
392 362 580 457 christianae
603 362 768 429 vetustatis
790 366 895 446 aperte
917 366 1086 438 testatum,
1120 381 1217 445 neque
1239 362 1408 443 praeterea

163 465 229 529 ulla
251 467 354 548 potest
375 465 516 531 doctrina
539 466 680 549 cogitari,
704 469 846 548 quaesit
868 467 969 551 magis
990 469 1046 531 aut
1067 466 1181 531 rationi
1203 464 1407 541 couveniens,

162 571 217 633 aut
239 568 411 652 principum
435 572 468 633 et
489 570 667 653 populorum
692 570 787 635 saluti
810 577 1024 635 consentanea.

266 672 384 738 Revera
406 672 534 737 humaui
547 674 735 755 potentatus
766 674 798 737 iu
828 674 895 738 Deo
921 692 988 738 esse
1017 674 1148 751 fontem,
1183 672 1256 738 libri
1277 672 1410 736 Veteris

163 776 355 841 Testamenti
381 777 521 860 pluribus
536 777 626 842 'locis
657 777 814 858 praeclare
840 777 1030 842 mnfirmaut.
1083 779 1151 843 Per
1174 800 1223 843 me
1244 797 1332 859 repes
1349 798 1409 842 rc-

160 884 269 963 prout,
294 930 301 943 .
328 928 336 943 .
359 929 367 943 .
389 901 447 961 per
468 901 516 944 rue
529 881 694 961 principes
714 883 881 961 imperant,
905 888 933 947 et
951 888 1091 963 potentes
1112 881 1287 947 &munt
1296 882 1408 963 justi-

163 985 241 1049 tium
262 982 365 1064 (Prot.
390 982 477 1059 VIII,
500 984 649 1066 15-16).
701 986 805 1066 Atque
835 984 927 1051 alibi:
963 984 1110 1050 Praebete
1140 1006 1235 1049 aures
1261 1004 1315 1049 vos
1343 983 1408 1065 qui

164 1086 326 1167 continetis
354 1086 511 1162 cotiones,
534 1136 541 1149 .
567 1134 573 1149 .
595 1137 602 1151 .
623 1089 771 1168 quoniam
792 1087 869 1151 druto
890 1093 935 1152 est
957 1110 978 1152 a
1000 1087 1068 1153 Deo
1088 1093 1226 1169 potestas
1246 1090 1346 1167 uobis,
1370 1093 1408 1152 et

163 1192 264 1255 uirtus
282 1190 322 1253 ab
343 1188 508 1255 Altissimo
530 1188 612 1293 (Sap.
639 1190 691 1267 Vl,
714 1192 744 1254 3.
768 1191 813 1274 4).
853 1190 940 1273 Quod
971 1191 1050 1254 libro
1079 1191 1287 1257 Ecclesiastici
1316 1191 1404 1255 idem

164 1292 355 1357 continetur:
394 1292 435 1356 Iu
473 1314 723 1375 reuomquomque
753 1300 873 1377 pentem
910 1294 998 1361 Deus
1032 1298 1217 1377 praeposur't
1252 1302 1407 1361 rectorem
1538 1313 1539 1334 ¹

164 1395 376 1481 (ccclxvii,
400 1394 462 1481 14).
488 1432 528 1443 -
552 1397 618 1461 Ista
639 1399 754 1471 tamen,
774 1416 854 1479 quae
878 1398 941 1461 Deo
963 1401 1087 1463 auctore
1107 1398 1289 1477 didicerant,
1313 1400 1405 1483 panl-

164 1500 255 1565 latim
274 1499 414 1565 homines
431 1500 471 1566 ab
492 1502 615 1565 ethnica
635 1500 853 1583 superstitione
870 1500 992 1566 dedocti
1006 1504 1098 1567 sunt:
1123 1521 1202 1586 quae
1216 1502 1298 1567 siout
1312 1520 1404 1566 veras

164 1624 266 1670 rerum
287 1604 403 1689 species
425 1607 457 1670 et
479 1604 617 1669 notIones
640 1605 821 1688 complures,
844 1605 889 1669 ita
904 1604 999 1669 etiam
1013 1605 1205 1688 principatus
1219 1624 1403 1689 germanam

168 1710 298 1774 formam
320 1709 643 1792 pulchritudinemque
666 1710 810 1791 corrupit.
838 1709 1015 1787 Postmodo,
1036 1709 1303 1792 ubillrongelinm
1317 1692 1429 1773 oleri-‘⁴

165 1812 300 1878 sliauum
323 1813 459 1891 affulsit,
491 1811 616 1895 peritati
652 1809 773 1877 vanitas
797 1813 908 1890 cessit,
943 1832 1125 1897 rursumque
1157 1814 1235 1878 illud
1267 1814 1403 1878 dilucere

165 1916 274 1998 coepit,
301 1915 380 1979 unde
403 1917 501 1981 omnis
525 1916 694 1981 auctoritas
718 1920 834 1995 manat,
857 1916 1081 1981 nobilissimum
1103 1916 1301 2000 divinumque
1317 1918 1402 2001 prin·

166 2018 291 2102 cipinm.
378 2019 456 2084 Prae
485 2038 517 2083 se
547 2020 657 2085 terenti
681 2022 774 2103 atque
796 2021 965 2086 ostentanti
989 2021 1128 2085 Praesidi
1148 2040 1275 2086 romano
1298 2021 1402 2084 absol-

165 2121 256 2186 vendi
279 2121 502 2191 condemnandi
526 2125 726 2207 potestatem,
749 2124 893 2191 Christus
915 2125 1079 2202 Dominus,
1102 2145 1165 2190 nou
1187 2124 1331 2202 tuberes,
1352 2143 1403 2188 re·

166 2224 299 2309 spondit,
316 2231 499 2309 potestatem
522 2229 689 2294 adversum
703 2250 750 2293 me
770 2229 879 2300 adom.
903 2229 967 2293 uisi
984 2230 1041 2294 titt
1055 2230 1163 2294 dotum
1178 2235 1256 2293 esset
1269 2228 1404 2309 desuper

167 2328 260 2414 (Joan
282 2328 369 2407 XIX,
394 2331 460 2415 ll).
506 2332 602 2415 Quem
627 2333 774 2398 locum-s.
798 2334 991 2418 Augustinus
1014 2333 1198 2417 explanans,
1221 2331 1403 2411 Discumus,

167 2434 283 2518 inquit,
304 2436 386 2517 quod
407 2436 498 2515 direti,
521 2438 602 2520 quod
626 2444 654 2503 et
672 2459 731 2520 per
752 2437 939 2519 Apostolum
961 2438 1084 2514 docuit,
1104 2437 1180 2519 puio
1200 2456 1263 2500 uon
1285 2440 1330 2499 cst
1342 2456 1404 2516 po-

166 2544 262 2604 testas
281 2541 347 2603 uisi
369 2530 472 2606 oDeo
496 2541 612 2621 (Trset.
627 2540 737 2606 cxvl.
752 2542 785 2605 in
797 2538 887 2608 Joan.
905 2563 933 2607 n.
951 2538 993 2625 5).
1030 2540 1195 2606 Doctrinae
1218 2538 1299 2602 onim
1315 2557 1405 2621 prae-

167 2644 324 2726 ceptisque
343 2644 419 2708 Jesu
438 2642 554 2709 Christi
578 2645 793 2727 Apostolorum
809 2646 987 2729 incorrupta
1003 2664 1057 2709 vor
1075 2644 1230 2709 resonavit
1244 2643 1405 2725 tamquam

167 2749 282 2832 imago.
317 2745 364 2811 Ad
388 2747 551 2826 Romanos,
576 2748 747 2832 principum
772 2749 964 2815 ethnicorum
985 2749 1112 2833 imperio
1129 2748 1292 2831 subjectos,
1312 2744 1405 2810 Pauli
1540 2807 1541 2816 ,

168 2851 216 2916 est
237 2850 357 2915 excelsa
378 2852 409 2916 et
432 2852 522 2934 plena
544 2852 710 2937 gravitatis
734 2855 905 2921 sententia:
938 2855 1011 2919 Nou
1043 2860 1088 2920 est
1111 2858 1253 2936 potestus
1285 2851 1352 2917 utri
1383 2874 1406 2916 a

168 2954 254 3031 Deo,·
277 2972 312 3018 er
333 2973 393 3039 quo
416 2957 575 3039 tamquam
599 2976 634 3020 ex
657 2975 751 3022 causa
771 2956 850 3022 illud
873 2956 1046 3022 concludit:
1083 2956 1237 3034 Princeps
1260 2954 1323 3020 Dei
1344 2954 1405 3018 mt-
1540 2965 1541 3016 ῐ

169 3059 269 3125 esser
292 3065 338 3125 ar
360 3057 423 3136 <ns
445 3057 531 3124 mm.
556 3058 646 3137 xiii,
671 3061 708 3136 1,
723 3058 767 3145 4).

272 3162 427 3228 Doclesiae
448 3162 557 3227 Patres
579 3164 659 3228 hano
680 3163 789 3247 ipsam,
813 3163 850 3227 ad
869 3182 961 3247 quam
979 3163 1102 3227 fuerant
1118 3161 1265 3238 instituti,
1288 3159 1404 3225 doctri·
1540 3251 1541 3256 γ

170 3287 239 3331 nam
275 3266 411 3349 profiteri
445 3285 480 3331 ac
501 3286 671 3352 propagare
694 3267 859 3352 diligenter
884 3266 1079 3332 studuerunt.
1125 3266 1198 3331 Nou
1219 3264 1401 3343 tribuamus,

170 3370 200 3435 S.
225 3370 420 3453 Augustinus
442 3370 497 3449 ait,
518 3372 619 3437 doadi
640 3374 729 3455 reput
751 3378 780 3435 et
799 3373 927 3453 imperii
945 3375 1136 3453 potestatem,
1159 3370 1224 3433 uisi
1244 3389 1316 3434 cero
1336 3367 1403 3433 Deo

171 3474 230 3565 (De
254 3474 318 3540 (liv.
345 3472 410 3553 Dei,
435 3474 487 3542 lib.
513 3476 548 3552 V,
572 3494 638 3560 cap.
662 3476 727 3560 21).
773 3477 810 3540 In
843 3475 982 3563 eamdem
1010 3456 1194 3539 senteutiam
1214 3472 1245 3539 S.
1268 3473 1402 3537 Ioannes

170 3578 421 3662 chrysostomus,
446 3578 535 3661 pue
549 3580 752 3661 preceperas
773 3581 850 3657 ou,
874 3578 990 3662 nque,
1013 3583 1042 3643 a
1062 3559 1224 3660 qeoe‘ou
1245 3576 1399 3657 superea

171 3682 231 3749 ete'e'
252 3680 380 3765 subjecti
393 3682 465 3760 siut,
486 3704 583 3766 oeque
606 3684 712 3749 omnic
736 3703 811 3748 cusu
833 3689 862 3748 ct
882 3689 993 3748 terrere
1013 3682 1159 3765 feruutur
1183 3730 1190 3743 .
1216 3730 1222 3744 .
1247 3730 1255 3745 .
1279 3680 1403 3745 dioiuac

171 3806 237 3853 esse
265 3788 439 3869 saptentiae
467 3789 537 3853 dico
569 3788 617 3871 (In
648 3788 736 3870 epist.
766 3786 806 3851 ad
836 3788 922 3852 Rom.
947 3785 1053 3853 homil.
1075 3785 1203 3863 XXIII,
1229 3804 1258 3848 n.
1281 3784 1322 3868 1).
1368 3783 1403 3847 Id

170 3894 271 3975 ipsum
291 3889 321 3956 S.
344 3888 512 3976 Gregorius
535 3890 671 3974 Magnus
694 3892 828 3955 testatus
852 3892 899 3955 est
921 3890 1078 3975 inquiens:
1102 3890 1286 3956 Potestotem
1301 3888 1402 3969 Impe-

170 3995 326 4060 ratoritus
346 4012 384 4059 oc
406 3994 529 4079 regibus
552 3995 681 4060 coete'tus
703 3994 813 4059 dotum
832 3995 970 4075 fatemur
989 3993 1099 4079 (Epist.
1112 3992 1166 4058 lib.
1181 3992 1223 4058 11.
1237 3992 1325 4075 epist.
1338 3990 1400 4074 61).

171 4100 270 4164 Immo
292 4097 391 4163 sancti
414 4097 562 4163 Doctores
585 4097 692 4162 eadem
716 4099 882 4181 praecepta
903 4097 998 4161 etiam
1031 4096 1167 4162 naturali
1197 4096 1326 4161 rationis
1355 4096 1401 4159 lu-

173 4202 258 4277 mine,
275 4201 461 4266 illustranda
482 4202 699 4285 susceperunt,
721 4203 756 4267 ut
779 4199 905 4280 veliis,
929 4200 1152 4284 quitationem
1175 4200 1273 4266 solam
1295 4200 1399 4265 ducem

172 4306 351 4387 sequuntur,
372 4304 495 4370 omnino
519 4304 614 4370 videri
637 4306 722 4373 recta
745 4306 777 4370 et
799 4324 871 4370 uera
893 4304 1033 4370 debeant.
1054 4341 1091 4352 -
1110 4304 1150 4369 Et
1170 4324 1242 4370 saue
1265 4304 1400 4369 homines

171 4407 310 4474 incivili
333 4408 481 4477 societate
505 4408 747 4475 vivere'ueturs
773 4408 881 4492 jubet,
911 4427 965 4474 seu
999 4408 1101 4473 uerius
1134 4410 1240 4474 auctor
1275 4399 1400 4473 naturae
