3109 4859
280 54 390 112 Leonis
407 55 493 139 Xlll.
512 24 606 145 cerret.
626 58 661 111 de
681 58 892 113 commoratae.
912 60 1050 127 epternac
1069 73 1131 127 rep.
1150 58 1289 127 Anpltoe.
1341 40 1404 106 237

169 230 288 311 Quibus
311 227 452 293 omuibus
465 228 506 303 ¹et
526 227 666 311 siugulis,
688 227 811 291 etiamsi
832 246 886 310 pro
909 226 1031 292 illorum
1048 227 1245 312 derogatione
1261 230 1404 313 specialis

168 337 268 401 forma
290 331 440 398 servanda
463 332 558 409 foret,
591 334 711 396 tenores
742 332 918 396 earumdem
946 333 1160 414 praesentibus
1182 354 1235 417 pro
1259 334 1345 417 pleno
1368 355 1404 399 ao

169 438 359 505 sufficienter
389 435 536 519 expressis
571 436 718 501 habentes
752 435 791 499 ad
819 436 1055 518 praemissorum
1077 438 1220 518 effectum
1242 438 1404 505 dumtaxat

171 540 344 626 specialiter
368 540 399 604 at
422 557 558 622 expresse
584 539 766 623 derogatum
791 540 1028 619 essevolumus,
1052 541 1222 623 caterisque
1243 543 1405 607 contrariis

171 648 423 731 quibuscumque.
872 640 875 648 ’

275 748 471 831 Quocumque
509 750 612 812 autam
645 747 733 813 modo
767 748 943 813 earumdem
975 736 1182 832 praesentium
1215 750 1402 815 Litterarum

171 854 308 937 exempla
331 853 362 917 in
387 852 501 935 Anglia
523 852 680 934 publicata
703 852 829 929 fuerint,
852 854 992 916 volumus
1015 855 1051 916 ut
1073 854 1181 918 statim
1206 856 1274 936 post
1297 854 1404 937 hujus·

172 959 254 1025 modi
276 957 515 1041 publicationem
539 974 643 1020 omnes
665 957 697 1019 et
718 955 857 1040 singulos
872 975 947 1039 quos
963 959 1149 1022 concernunt
1161 957 1209 1022 rel
1222 960 1405 1023 concertant

171 1064 202 1127 iu
227 1063 379 1151 posterum
404 1058 529 1143 perinde
553 1059 702 1137 alliciant,
736 1078 772 1124 ac
794 1060 824 1129 ,si
855 1059 1019 1143 unicuique
1049 1058 1172 1125 illorum
1204 1062 1406 1143 personaliter

170 1166 333 1232 intimatae
356 1182 392 1229 aa
415 1162 591 1227 notificatae
613 1161 764 1249 luissent

274 1268 362 1334 Nulli
378 1286 450 1349 ergo
467 1267 624 1332 homiuum
641 1267 735 1331 liceat
750 1266 895 1349 paginam
912 1266 991 1331 hana
1009 1267 1191 1331 Nostrarum
1206 1262 1405 1345 decisionum,

170 1372 422 1449 declarationum,
445 1371 646 1449 decretorum,
667 1372 899 1453 praeceptorum
922 1372 954 1434 et
976 1370 1144 1435 voluntatis
1166 1371 1335 1455 infringere
1356 1374 1405 1438 uel

169 1480 197 1543 ei
221 1496 298 1541 ausu
325 1476 489 1541 temerario
517 1474 677 1539 contraire.
730 1471 763 1537 Si
798 1472 866 1556 quis
898 1474 1002 1537 autem
1034 1473 1092 1538 hoc
1124 1474 1279 1539 attentare
1313 1494 1403 1557 proe-

170 1582 352 1664 sumpserit
386 1578 631 1662 indignationem
664 1576 811 1659 Omnipot
812 1580 864 1641 ent
865 1576 891 1639 is
851 1576 981 1640 tDei
1015 1576 1046 1641 et
1075 1576 1153 1641 Beat
1140 1580 1240 1642 torum
1265 1578 1350 1644 Patri
1374 1580 1405 1643 et

172 1684 261 1765 Pauli
285 1683 499 1767 Apostolorum
523 1682 597 1766 ejus,
623 1702 654 1745 se
678 1680 825 1746 noverit
816 1700 1020 1744 incursurum.

274 1788 390 1852 Datum
413 1787 527 1851 Romae
551 1785 631 1868 apud
654 1784 684 1850 S
708 1784 837 1849 Petrum
853 1802 943 1850 ’auno
974 1784 1153 1849 Dominioae
1181 1784 1405 1849 Inoamationis

170 1890 338 1958 llillesimo
358 1882 614 1971 octingentesimo
637 1888 847 1973 octuagesimo
870 1889 968 1971 primo
991 1887 1107 1954 Octavo
1131 1888 1204 1953 ldus
1220 1888 1298 1953 Maii
1322 1890 1403 1953 Pou-

170 1996 271 2061 tifiaat
271 2012 307 2059 us
257 1993 434 2060 ttNos
406 2013 436 2056 m
461 1995 549 2058 Auno
569 1993 623 2057 IV.

366 2114 399 2181 C.
425 2113 520 2182 Garri.
543 2112 685 2192 Sacoena,
711 2114 769 2178 Pro
791 2114 863 2177 Dat.
840 2112 946 2177 t.T
972 2112 1067 2180 Oura.
1087 2114 1213 2179 Mertai.

677 2292 678 2300 χ
751 2221 825 2289 Visa

438 2338 483 2403 De
507 2337 646 2403 Curial.
670 2338 707 2402 da
731 2338 881 2421 Aquilae
904 2338 1151 2404 vicecomitibus.

279 2428 547 2528 tuoruum

324 2564 401 2647 Rep.
423 2566 459 2627 r'n
478 2562 590 2628 Secret.
615 2560 775 2627 Boeotum.

1054 2674 1101 2741 «Ι.-
1114 2675 1301 2758 Uespronius.
