3109 4859
274 128 388 185 Leonis
407 129 491 184 XIII.
512 134 608 185 const.
626 130 662 184 de
682 134 822 185 controv.
839 130 897 182 inl.
917 129 1009 197 episc.
1028 132 1056 183 et
1073 144 1138 203 rep.
1158 126 1298 197 Aapttoe.
1337 109 1402 175 223

26 349 35 354 »
162 303 278 385 perfrui
300 300 519 379 declaraverit,
552 299 817 365 subdubitaudum
840 301 945 365 tamen
968 281 1111 383 Episcopi
1134 318 1239 365 rursus
1259 298 1292 363 in
1311 320 1401 382 prae-

162 424 231 471 sens
254 404 487 484 existimabant,
512 424 547 469 00
569 403 664 487 quod,
689 404 836 469 restituta
861 403 1025 486 episcopali
1049 403 1239 481 hierarchia,
1263 422 1327 468 rem
1350 424 1401 469 ca·

161 509 310 573 tholicam
333 509 373 573 ad
393 508 472 592 juris
496 508 665 574 communis
688 508 817 573 formam
840 508 870 571 io
895 526 932 573 ea
947 507 1071 591 regione
1090 507 1255 591 gubernari
1271 509 1401 590 oportet.

161 614 238 679 Jure
261 612 363 677 autem
388 611 578 697 eommuni1)
601 611 806 677 const'tutum
829 613 887 691 est,
908 612 944 677 ut
959 611 1078 690 domus,
1100 630 1177 694 quae
1193 610 1313 677 sodales
1328 610 1402 675 reli-

162 718 263 801 giosos
285 734 337 780 sex
358 716 522 781 minimum
545 735 606 781 non
630 715 764 799 capiant,
789 715 821 780 in
842 717 996 798 potestate
1020 715 1237 799 Episcoporum
1252 734 1318 781 esse
1334 734 1426 800 cmg

162 820 233 885 uino
256 820 398 887 debeant.
444 819 569 903 Insuper
594 818 658 902 ipse
679 818 916 885 constitutionis
946 818 1065 885 Auctor
1095 818 1180 885 visus
1212 819 1260 883 est
1289 837 1401 901 ponere

161 923 315 1008 privilegii
337 941 461 988 oausam
480 925 517 1009 ⁸ia
543 924 677 1006 »publici
706 923 867 1007 regiminis
890 924 1039 1008 legibus.
1066 974 1073 987 .
1099 974 1105 987 .
1129 922 1240 1007 quibus
1255 922 1402 986 coenobia

161 1046 371 1111 quaecumque
393 1028 631 1111 prohibenturrr
669 1029 748 1093 hanc
777 1047 848 1093 vero
871 1029 996 1093 causam
1019 1035 1209 1111 compertum
1232 1027 1280 1091 est
1308 1025 1401 1091 fuisse

161 1130 316 1196 sublatam
350 1151 445 1215 quum
478 1133 581 1216 plures
608 1133 671 1218 jam
705 1152 800 1197 annos
819 1152 872 1216 per
892 1133 975 1217 leges
998 1133 1084 1197 illius
1106 1130 1310 1217 regui-liceat
1329 1131 1401 1195 reli-

160 1235 257 1319 giosis
280 1235 436 1300 sodalibus
458 1235 490 1299 in
514 1235 646 1319 collegia
665 1236 754 1301 coire.

263 1338 473 1404 Nihilominus
493 1340 570 1406 haec
591 1340 676 1405 tanti
699 1359 758 1405 non
780 1340 868 1417 sunt,
899 1340 935 1403 ut
965 1357 1071 1421 reapse
1096 1338 1293 1423 privilegium
1317 1340 1401 1405 dete·

160 1444 237 1509 cisse
257 1442 441 1526 judicemus.
486 1443 568 1508 Nam
592 1431 741 1527 quamvis
754 1442 948 1508 hierarchiae
969 1442 1155 1508 instauratio
1174 1442 1279 1520 faciat,
1301 1444 1339 1507 ut
1353 1462 1401 1508 res

159 1546 312 1637 catholiea
332 1546 411 1630 apud
437 1546 556 1631 Anglos
576 1547 616 1611 ad
639 1566 832 1611 communem
852 1546 1008 1612 Ecclesiae
1029 1545 1225 1629 disciplinam
1242 1548 1400 1629 potentio·

137 1655 141 1663 ‘
159 1650 230 1715 liter
251 1651 395 1714 revocata
416 1650 630 1733 intelligatur;
654 1650 754 1715 adhuc
776 1651 882 1713 tamen
903 1668 950 1714 res
968 1649 1016 1713 ibi
1038 1650 1190 1734 geruntur
1211 1650 1317 1715 eodem
1335 1651 1399 1716 iere

161 1754 251 1818 modo
271 1757 366 1837 atque
387 1756 419 1819 in
443 1753 641 1819 missionibus
663 1754 729 1837 geri
753 1752 862 1819 solent.
908 1754 1055 1819 Jamraro
1085 1772 1206 1832 sacrum
1229 1753 1399 1818 Consilium

159 1858 328 1922 christiano
352 1859 467 1923 nomini
489 1858 686 1942 propagando
708 1858 824 1941 pluries
844 1850 1033 1935 declararit,
1061 1857 1306 1924 constitutiones
1327 1858 1399 1923 Cle-

133 1994 138 2001 .
160 1954 272 2027 mentis
289 1962 376 2027 Vlll.
401 1964 556 2045 Quoniam
576 1964 605 2027 9.
630 1962 732 2029 kalen.
747 1962 828 2035 Julii
853 1964 945 2041 1603,
970 1962 1111 2047 Gregorii
1129 1962 1194 2026 XV.
1218 1961 1296 2028 Oam
1315 1963 1400 2029 otios

139 2067 211 2147 ,lt
227 2065 329 2131 kalen.
346 2064 500 2149 Septemb.
526 2067 621 2142 1022,
645 2066 763 2131 Urbani
786 2067 875 2132 Vlll.
900 2068 1065 2133 Romanas
1077 2067 1222 2150 Pontifex
1245 2067 1273 2131 5.
1295 2067 1398 2133 kalen.

160 2169 314 2253 Septemb.
346 2170 442 2248 1624,
478 2169 614 2253 itemque
648 2170 892 2234 constitutiones
927 2172 1099 2236 Innocentii
1121 2171 1159 2235 X.
1189 2190 1249 2237 non
1273 2170 1400 2236 esseda

160 2274 301 2339 domibus
317 2276 411 2357 atque
427 2274 569 2358 hospitiis
588 2274 769 2339 missionum
785 2274 1004 2358 intelligendas
1013 2275 1059 2357 2),
1073 2276 1119 2339 Ao
1133 2276 1243 2340 meritc
1258 2276 1399 2359 quidem;
1473 2290 1480 2297 ’

46 2464 49 2470 ¹
161 2396 233 2442 nam
266 2396 361 2461 quum
396 2377 524 2443 dubium
556 2376 738 2461 jamdudum
769 2378 879 2459 fuisset
907 2378 1097 2461 propositum
1113 2378 1274 2473 xClementi
1299 2378 1398 2454 vlla,

160 2482 264 2545 utrum
289 2480 426 2565 religiosi
448 2480 507 2545 viri
530 2480 569 2546 ad
592 2480 684 2545 Indos
711 2480 798 2546 missi
831 2480 863 2544 in
895 2479 1051 2546 culturam
1083 2480 1257 2546 animarum
1291 2482 1398 2547 existi-

160 2584 265 2650 mandi
286 2586 388 2650 esseut
410 2584 499 2669 quasi
520 2583 618 2650 vitam
638 2583 786 2667 degentes
808 2586 894 2649 extra
914 2584 1051 2677 coenobii
1074 2586 1179 2668 septa,
1211 2585 1398 2670 proindeque

160 2688 317 2772 Episcopis
343 2690 468 2754 subesse
498 2688 680 2753 Tridentina
706 2688 774 2772 lege
794 2688 978 2772 juberentur
998 2689 1140 2755 Pontifex
1162 2690 1217 2755 ille
1239 2710 1294 2773 per
1318 2690 1398 2755 Coo·

159 2791 353 2857 stitutionem
388 2789 620 2875 Relipicso'rum
652 2813 910 2876 quorumcumque
942 2796 973 2863 6.
1000 2794 1074 2859 Idus
1105 2781 1290 2861 Nouembris
1314 2795 1395 2859 1001

158 2897 336 2962 decreverat
367 2915 417 2963 eos
454 2896 657 2979 amputandos
691 2916 757 2962 esse
789 2900 948 2980 tamquam
972 2898 1132 2982 religiosos
1155 2899 1292 2964 urentes
1314 2898 1415 2972 intra,
1479 2895 1481 2898 ’

161 3000 318 3065 »claustra
340 3037 382 3047 —
402 3001 601 3084 quamohrem
625 3038 666 3049 —
688 3000 721 3065 in
743 3000 997 3066 concernentibus
1016 3020 1122 3066 curam
1146 3002 1317 3072 animarum
1337 3001 1397 3067 Or-

162 3104 299 3169 »dinatio
322 3104 382 3170 loci
404 3106 547 3170 subesse:
578 3105 612 3169 in
638 3105 765 3189 reliquis
788 3124 859 3170 vero
881 3124 941 3169 non
962 3105 1116 3171 ordinario
1138 3106 1216 3182 loei,
1248 3103 1302 3168 sed
1332 3103 1397 3167 suis

161 3207 388 3291 »superioribus
411 3208 565 3291 subjectos
587 3228 773 3275 remanere«
793 3246 828 3257 -
843 3210 951 3292 Neque
974 3208 1060 3273 aliod
1074 3198 1172 3282 ¹sensit
1185 3208 1397 3292 judicavitque

159 3311 345 3377 Benedictus
366 3312 450 3377 XIV.
472 3313 504 3376 in
527 3312 590 3377 suis
612 3311 894 3378 Constitutionibus
917 3314 1069 3396 Quamuis
1091 3314 1121 3380 5.
1144 3312 1264 3379 kalend.
1288 3312 1397 3377 Martii

161 3398 263 3493 1'746;
292 3414 370 3481 Oura
399 3437 500 3497 anper
529 3416 559 3479 6.
582 3402 656 3481 ldus
677 3416 862 3481 Novembris
886 3417 981 3495 1751,
1005 3418 1036 3482 et
1058 3416 1139 3488 Cam
1161 3418 1299 3484 011005.
1323 3416 1396 3484 ldus

156 3518 362 3584 1011111753.
408 3519 452 3582 Ex
474 3518 586 3602 quibus
608 3520 749 3586 omuibus
771 3522 888 3604 liquet,
924 3521 1020 3587 etiam
1056 3521 1191 3606 hospitia
1224 3540 1260 3585 ac
1290 3521 1396 3585 domos

158 3623 357 3705 quantumvis
379 3623 550 3689 incolarum
573 3626 732 3707 paucitate
753 3625 967 3710 infrequentes
990 3625 1100 3710 hujus,
1134 3626 1173 3691 de
1196 3644 1256 3712 quo
1279 3625 1395 3707 agitur,

157 3726 312 3810 privilegii
340 3726 409 3811 jure
445 3728 679 3812 comprehendi,
714 3730 808 3814 idque
838 3750 898 3796 non
927 3731 960 3795 iu
983 3731 1059 3796 locis
1081 3731 1181 3795 solum
1203 3728 1256 3792 ubi
1280 3723 1397 3791 vicarii

157 3829 332 3912 apostolici,
363 3831 417 3895 sed
441 3832 536 3896 etiam
559 3832 611 3897 uhi
635 3833 777 3917 Episcopi
800 3837 963 3918 praesuut;
998 3834 1036 3918 de
1069 3832 1229 3915 Episcopis
1258 3830 1338 3895 enim
1363 3830 1394 3893 in

156 3932 445 4013 Constitutionibus,
468 3954 545 4019 quas
563 3938 810 4017 memoravimus,
833 3939 993 4023 agebatur.
1039 3938 1177 4020 Apparet
1198 3936 1323 4018 insuper
1344 3943 1394 3999 ra·¹

155 4038 271 4103 tionem
293 4038 487 4121 potissimam
508 4039 708 4123 exemptionis
731 4041 994 4108 missicnariorum
1016 4040 1206 4126 regularium
1228 4037 1262 4103 in
1279 4038 1402 4141 Anglia'

259 4215 287 4284 1)
304 4213 444 4268 Innocent.
469 4212 503 4268 X.
527 4212 641 4269 constit.
665 4216 907 4282 Instaurandoe,
935 4215 979 4271 die
1008 4215 1048 4271 15.
1069 4214 1164 4271 00101.
1184 4212 1394 4286 1652000011.

160 4300 196 4356 Ut
214 4304 249 4354 in
265 4303 385 4371 porois,
403 4298 445 4354 die
464 4298 504 4353 10.
521 4297 647 4354 Februar.
665 4300 741 4355 1654.

262 4386 289 4453 2)
309 4384 335 4439 S.
354 4384 438 4457 Cong.
456 4385 489 4441 de
506 4384 586 4455 Prop.
601 4386 653 4441 fide
670 4387 712 4441 30.
729 4386 854 4442 Jrnuarii
867 4388 951 4454 16273
968 4389 1010 4444 27.
1025 4388 1119 4444 Martii
1134 4388 1216 4454 1631;
1235 4388 1260 4443 5.
1271 4386 1394 4444 Octobris

157 4472 239 4537 losa
256 4472 299 4527 23.
319 4471 483 4541 Septembris
502 4472 581 4539 1805;
601 4472 643 4528 29.
661 4472 756 4529 Martii
775 4474 851 4530 1834.
