3109 4859
701 586 819 709 'xxa

154 769 405 869 Eniscbeidunp
433 768 495 882 dor
516 765 550 850 S.
569 765 603 847 c.
623 766 744 869 induto.
766 768 851 847 liber
870 768 925 847 die
943 764 1144 867 Erricbiunp
1163 767 1229 849 and
1248 768 1389 870 leifunp
1467 782 1473 799 ‘

513 928 545 991 3
577 886 639 968 der
667 886 972 970 Broderscbafien.

452 1025 625 1097 Milgetheilt
641 1042 692 1081 vou
707 1026 740 1083 «P.
759 1027 826 1084 Joa.
843 1028 1009 1086 Schneider
1026 1026 1055 1104 S.
1071 1024 1099 1081 J.

259 1149 452 1217 Beatissimo
481 1148 586 1214 Pater.
632 1149 807 1214 Hodiernus
839 1148 982 1213 Vicarius
1015 1146 1177 1214 Generalis
1209 1149 1391 1215 Dioeceseos

154 1256 195 1323 N.
219 1254 341 1339 exponit
364 1253 523 1319 humiliter
544 1252 712 1319 Sanctitati
736 1254 874 1331 Vestrae,
900 1253 980 1336 quod
1003 1252 1106 1335 plures
1130 1254 1162 1318 in
1184 1253 1244 1319 lrao
1260 1254 1392 1320 dioecesi

155 1349 290 1425 existant
312 1358 425 1425 diversi
447 1356 578 1423 nominis
602 1357 887 1437 confraternitates,
911 1358 1040 1441 piaeque
1065 1358 1206 1437 Unioues,
1231 1360 1268 1424 ut
1293 1380 1320 1427 v.
1344 1378 1392 1443 gr.

157 1462 403 1530 Coutrateruitas
426 1459 514 1527 sami
536 1461 677 1545 Corporis
700 1461 828 1539 Christi,
853 1461 1051 1527 Immaculati
1082 1452 1248 1527 cordiali.
1273 1463 1317 1528 M.
1346 1464 1395 1540 V,
1446 1446 1449 1452 ⁸

97 1590 110 1637 ·,
157 1567 419 1651 congregationes
446 1564 616 1629 Marianae.
649 1565 722 1631 dam
745 1585 816 1631 vero
838 1564 1002 1631 nonnullae
1024 1564 1056 1630 in
1079 1584 1135 1630 sua
1155 1565 1293 1632 Dioecesi
1311 1566 1395 1631 hisce

158 1672 320 1756 postremis
344 1670 496 1754 tringinta
519 1668 608 1733 annis
627 1670 875 1753 irregularitates
895 1671 976 1733 circa
999 1688 1103 1734 eorum
1123 1670 1317 1747 erectionem,
1339 1689 1396 1755 ag·

160 1776 372 1860 gregationem
397 1773 445 1846 rel
467 1773 666 1851 directionem
689 1774 880 1857 irrepserunt
903 1774 1066 1839 nimirum:

266 1881 294 1947 1.
328 1879 407 1962 quod
432 1878 526 1942 etiam
549 1880 620 1960 post
643 1878 742 1943 editas
765 1879 975 1960 responsiones
994 1898 1011 1941 a
1028 1876 1057 1942 S.
1077 1877 1110 1941 Ο.
1128 1868 1420 1961 indulgentiarum.

161 1984 217 2049 sub
249 1982 299 2048 die
323 1985 373 2048 20.
397 1982 477 2047 Julii
503 1983 586 2047 1868
617 1981 719 2065 pluras
748 1984 916 2047 erectiones
950 1983 982 2063 et
1014 1981 1309 2046 confraternitatum
1337 2002 1395 2065 ag·

161 2084 357 2171 gregationes
381 2106 496 2151 neorron
519 2087 639 2171 piarum
664 2073 827 2163 Uiriouum'
841 2087 982 2170 peractae
1005 2087 1078 2150 suut
1101 2104 1120 2150 a
1142 2086 1275 2153 Vicariis
1298 2084 1397 2152 cene·

164 2191 290 2257 ralibus.

197 2346 201 2354 .
265 2296 294 2362 2.
329 2294 409 2378 quod
432 2312 543 2359 munus
566 2294 702 2359 Parocho
725 2293 945 2379 ‹iemaadatum
974 2292 1101 2377 regendi
1122 2292 1398 2359 confraternitates

53 2450 58 2459 .
164 2417 252 2483 saepe
274 2398 500 2482 suscipiebatur
524 2398 562 2463 ab
586 2398 646 2463 alio
666 2397 823 2463 sacerdote
846 2398 1007 2482 designato
1030 2417 1049 2463 a
1071 2398 1218 2463 Parocbo.

266 2504 296 2569 3.
332 2503 411 2588 quod
444 2504 579 2587 receptio
612 2501 749 2568 fidelium
787 2503 820 2567 iu
854 2502 991 2569 diversas
1028 2502 1303 2569 Confraternitates
1338 2521 1397 2567 nou

163 2628 283 2692 semper
306 2608 345 2672 ab
368 2608 432 2691 ipso
456 2607 600 2673 Praeside
623 2606 856 2692 perficiebatur,
892 2607 945 2672 sed
978 2607 1072 2673 etiam
1097 2608 1136 2671 ab
1163 2606 1234 2672 aliis
1256 2606 1397 2672 subdele-

164 2713 263 2795 gatis,
284 2714 315 2776 et
337 2711 369 2775 id
394 2712 492 2776 locum
514 2711 626 2776 babuit·
645 2712 677 2775 in
701 2710 763 2776 illis
788 2730 907 2795 quoque
930 2694 1223 2795 Sodalitiis,'quae,
1250 2710 1297 2774 uti
1320 2709 1400 2775 Con·

164 2814 358 2899 gregationes
391 2816 563 2894 Marianae,
599 2815 764 2899 specialem
795 2815 891 2881 ritum
925 2815 1123 2899 receptionis,
1157 2817 1250 2899 atque
1279 2833 1307 2902 *a
1337 2815 1400 2880 solo

153 2920 310 2997 ·Praeside
333 2920 534 3003 peragendae,
558 2920 780 3004 praescribunt.
1492 2911 1496 2920 “

266 3025 359 3089 Hisce
381 3044 471 3109 super
492 3025 669 3101 defectibus,
693 3044 730 3089 ue
747 3025 852 3089 fideles
868 3026 1026 3108 priventur
1042 3008 1259 3107 indulgentiis,
1276 3022 1401 3087 Sancti-

164 3132 263 3194 tatem
289 3129 429 3195 Vestram
454 3130 614 3195 humiliter
636 3132 735 3213 rogat,
757 3132 794 3194 ut
816 3130 948 3213 benigne
964 3128 1153 3193 sanationem
1169 3128 1315 3211 dignetur
1330 3145 1400 3191 con·

164 3234 271 3299 cedere
295 3252 388 3317 usque
412 3236 450 3298 ad
474 3235 564 3313 diem,
587 3254 645 3319 quo
666 3236 786 3300 sanatio
802 3234 840 3297 ad
859 3234 1003 3299 notitiam
1019 3232 1210 3317 singulorum
1226 3231 1401 3315 praesidum

164 3340 378 3419 rectorumque
401 3340 582 3421 pervenerit.

268 3439 398 3523 Insuper
419 3462 437 3507 a
459 3442 489 3507 S.
506 3445 543 3509 V.
559 3438 720 3509 humiliter
737 3426 910 3527 expostulat
935 3446 968 3510 10
991 3444 1026 3530 ut
1048 3442 1232 3520 sacerdotes,
1256 3440 1403 3525 quincue

167 3542 204 3609 de
227 3544 324 3623 facto,
348 3547 487 3630 quam‘vis
510 3550 639 3632 fortasse
662 3549 968 3621 indebite„dirersis
991 3547 1320 3626 confraternitatibus,
1346 3546 1401 3610 So-

166 3650 284 3714 dalitiis
301 3654 330 3715 et
346 3651 643 3735 congregationibus
665 3655 823 3736 praesunt,
846 3652 877 3716 in
893 3652 949 3717 tali
967 3670 1091 3717 munere
1114 3651 1296 3716 confirmare
1316 3651 1402 3729 velit,

166 3774 234 3819 cum
258 3755 407 3821 facilitate
430 3760 524 3822 etiam
544 3756 784 3841 subdelegandi,
819 3757 971 3839 quatenus
993 3756 1057 3821 siut
1085 3754 1225 3839 legitime
1249 3754 1402 3837 impediti,

168 3859 207 3922 ad
230 3859 333 3924 fideles
358 3860 545 3945 recipiendos
567 3862 597 3925 in
621 3860 906 3941 confraternitates,
929 3860 997 3944 pias
1020 3859 1163 3933 colones,
1186 3876 1278 3941 quum
1302 3857 1404 3922 facul-

168 3963 262 4026 tatem
286 3964 424 4045 postolat
447 3964 540 4027 etiam
565 3984 617 4046 pro
638 3964 881 4029 moderatoribus
903 3964 935 4026 in
958 3963 1097 4027 faturum
1118 3960 1331 4047 ‘existentibus

271 4069 305 4130 2⁰
336 4068 377 4133 Ut
407 4088 459 4151 pro
488 4069 640 4151 tempore,
674 4087 733 4152 quo
766 4067 860 4134 Sedes
896 4066 1084 4151 llpiscopalis
1114 4065 1254 4141 vacabit,
1280 4064 1403 4129 Vicario

169 4168 468 4253 crpitulariomnes
491 4172 676 4257 episcopales
701 4172 866 4237 facultates
889 4172 1053 4238 concedere
1075 4167 1278 4253 velit,‘quae
1300 4187 1406 4234 neces·
1522 4198 1527 4205 ·

169 4275 268 4340 sarias
298 4278 370 4339 suut
403 4277 443 4341 ad
477 4276 626 4361 regendas
660 4296 764 4342 onrnes
796 4275 889 4361 hujus
920 4276 1092 4343 dioeceseos
1119 4272 1405 4350 confraternitates,

170 4379 430 4465 congregationes
453 4382 618 4460 Marianas,
645 4384 749 4465 piasve
772 4381 916 4462 Uniones,
946 4384 978 4447 et
1000 4380 1039 4447 ad
1062 4398 1156 4446 novas
1179 4377 1349 4464 erigendas,
1374 4378 1406 4441 et

170 4486 241 4555 illae
252 4504 382 4575 quoque,
405 4507 537 4577 quarum
555 4486 693 4575 regimen
711 4488 743 4559 et
759 4486 872 4556 erectio
887 4486 926 4556 ad
943 4486 1111 4578 Regulares
1126 4483 1292 4577 pertinent,
1312 4481 1407 4553 donec
