3109 4859
161 85 203 146 22
265 101 295 157 J.
315 99 492 164 Schneider,
520 59 693 156 Eutecbeid.
710 101 765 154 der
785 116 808 153 s.
828 99 938 168 Conpr.
959 99 1080 168 [adalp.
1099 114 1127 151 v.
1145 97 1191 151 26.
1211 66 1403 154 Mdra188l.

266 271 305 335 ad
321 273 367 336 2.:
386 271 637 338 communicetur
650 269 815 335 Decretum
829 269 860 335 S.
877 269 910 336 G.
928 268 1197 354 Indulgentiarnm
1212 269 1324 334 incerti
1342 269 1401 334 loci

162 374 201 440 ad
216 374 344 439 dubium
360 375 502 457 primum.
536 374 739 456 (Priuzivalli,
762 393 833 458 pag.
851 375 940 458 528.)
970 373 1000 439 S.
1019 372 1226 458 congregatio
1242 392 1335 456 resp:
1363 375 1403 439 Ut

162 480 283 542 truatur
304 478 396 544 altari
416 478 614 562 privilegiato
637 477 785 544 Sacerdos
815 478 924 544 diebus
953 497 1013 543 non
1039 476 1216 561 impeditis,
1247 477 1402 543 celebrare

160 581 251 648 debet
267 581 393 647 Missam
417 582 641 662 defunctorum,
665 583 697 648 et
721 583 768 648 uti
790 583 979 667 paramentis
1001 581 1111 666 nigris,
1135 581 1184 646 vel
1206 601 1241 645 ex
1255 582 1401 652 ,rationa-

161 685 216 752 bili
238 704 333 752 causa
355 684 507 752 riolacds

669 824 813 910 Dubiam
839 823 895 890 VI.

264 943 302 1008 In
321 943 428 1008 eadem
451 943 601 1009 Eaccolta
622 944 739 1009 ibidem
761 945 896 1026 legitur:
923 943 1029 1009 »reru
1046 943 1171 1024 ifedeti
1187 944 1242 1008 obe
1259 964 1402 1009 coronae

160 1052 242 1132 faite
263 1049 298 1114 'tu
319 1055 420 1114 siesse
443 1047 554 1128 efferis
576 1068 714 1130 posenno
737 1049 863 1114 lucrare
873 1048 897 1131 1)
917 1051 975 1112 etc.
1000 1098 1008 1113 .
1035 1096 1043 1113 .
1068 1071 1095 1110 .‹

265 1151 432 1234 Quaeritur
454 1169 537 1236 ergo,
563 1154 669 1217 utrum
693 1152 836 1217 hocloco
860 1151 932 1216 laici
956 1151 1190 1235 distinguantur
1212 1171 1231 1214 a
1254 1149 1404 1215 Sacerdo-

161 1255 245 1320 tibus
265 1253 460 1337 praecedeuti
480 1273 607 1320 numero
629 1255 827 1336 memoratis;
853 1274 892 1320 an
910 1274 980 1321 vero
998 1253 1180 1319 Sacerdotes
1197 1253 1245 1317 his
1260 1252 1403 1317 fidelibus

161 1357 393 1436 adnumerandi,
414 1356 543 1441 ideoque
558 1358 646 1424 illam
659 1358 829 1442 plenariam
841 1359 1069 1443 indulgentiam
1082 1376 1136 1442 per
1148 1355 1402 1424 communionem

161 1465 194 1528 in
216 1461 313 1528 Missa
334 1463 509 1546 susceptam
532 1463 646 1528 lucrari
665 1464 814 1528 valeant?

266 1566 356 1648 Eesp.
381 1565 421 1630 ad
445 1567 473 1630 l.
497 1567 618 1648 partem
642 1566 850 1631 Affirmatiue.

265 1668 305 1734 ad
327 1671 356 1736 2.
381 1669 553 1752 Negatire:
587 1670 712 1754 excepto
747 1667 820 1734 casu
855 1687 915 1753 quo
941 1667 1088 1733 Sacerdos
1116 1667 1155 1732 ob
1188 1666 1404 1732 infirmitatem

161 1774 291 1856 cogatur
314 1773 457 1837 omittere
469 1772 583 1837 Missae
606 1772 862 1849 celebrationem
885 1773 961 1838 tuuc
984 1773 1066 1835 euim
1089 1768 1285 1853 comparatur
1301 1769 1402 1849 laicis,
1476 1835 1480 1839 ,

161 1878 187 1941 si
211 1876 242 1942 S.
266 1877 519 1943 communionem
543 1876 712 1960 susceperit
735 1878 766 1941 et
790 1877 892 1941 cetera
922 1875 1111 1953 servaverit,
1145 1893 1224 1958 quae
1252 1863 1404 1939 servanda

161 1981 235 2046 suut
257 1980 296 2045 ad
316 1981 459 2046 effectum
479 1980 620 2053 lucrandi
640 1979 811 2062 plenariam
837 1980 1079 2064 Indulgentiam.

659 2135 802 2202 Dubiam
828 2135 905 2203 VII.

264 2266 398 2349 Quidam
422 2285 457 2330 ex
484 2265 644 2331 devotione
668 2265 824 2330 coufessus
844 2267 877 2330 et
899 2264 929 2332 S.
953 2265 1173 2332 Oommuuione
1196 2265 1330 2331 refectus
1353 2265 1403 2328 die

161 2370 264 2454 aliquo
287 2370 367 2435 festo
389 2371 528 2436 versatur
550 2369 583 2435 iu
603 2369 751 2447 Ecclesia,
774 2368 828 2434 ubi
851 2369 950 2449 audit,
975 2390 1010 2436 eo
1030 2370 1095 2454 ipso
1108 2368 1403 2451 dieludulgentiam

161 2541 278 2613 gentiae,
314 2541 343 2597 Si
360 2543 452 2598 autem
478 2535 512 2596 iu'
530 2542 640 2597 Indulto
665 2542 794 2597 omissum
823 2540 922 2596 luerit:
948 2558 1010 2611 pro
1036 2539 1269 2607 dalamanci
1295 2541 1404 2593 tantum

152 2629 254 2684 datum
272 2627 356 2682 inerit
373 2626 509 2683 ordinario
526 2627 605 2682 modo
622 2643 671 2695 pro
689 2626 823 2683 altaribus
838 2626 1032 2696 privilegiatis,
1057 2629 1123 2681 tuuc
1148 2624 1231 2681 dividi
1251 2627 1342 2694 potest
1359 2625 1404 2680 lu·

161 2713 318 2784 dulgentia,
343 2714 448 2772 seilicet
472 2714 562 2768 offerri
580 2713 745 2769 Sacrificium
763 2730 812 2784 pro
830 2730 892 2778 uno,
911 2716 940 2768 et
956 2713 1132 2782 Indulgentia
1149 2713 1281 2783 applicari
1297 2728 1346 2780 pro
1363 2712 1404 2767 al·

159 2807 226 2856 tero.
263 2800 292 2854 Si
318 2799 443 2856 sacerdus
471 2817 537 2855 onus
564 2798 665 2855 habens
693 2800 875 2863 amriiicaudi,
905 2799 951 2855 sed
980 2817 1033 2854 uon
1058 2801 1085 2854 iu
1112 2799 1195 2855 altari
1222 2798 1404 2869 privilegiato,

159 2886 291 2956 adimplet
309 2886 441 2956 siquidem
460 2885 654 2956 obligationem
672 2903 749 2942 suam
767 2903 815 2955 per
832 2886 1041 2957 applicationem
1061 2885 1205 2952 Sacrificii‚
1228 2890 1257 2942 et
1276 2886 1344 2942 liber
1361 2889 1405 2941 est

160 2973 248 3044 quoad
266 2973 473 3043 applicationem
492 2973 697 3044 Indulgentiae,
716 2973 748 3029 de
768 2990 821 3044 qua
839 2975 935 3044 nequit
953 2975 1050 3044 stipem
1064 2974 1211 3046 percipere,
1238 2974 1308 3044 quod
1323 2973 1404 3029 simo·

159 3060 266 3115 niacum
281 3061 331 3114 est.
366 3059 440 3127 Quae
458 3060 557 3116 solutio
577 3063 605 3115 et
622 3059 689 3116 mihi
706 3060 824 3117 arridet:
844 3077 908 3116 nam
919 3060 1096 3132 Indulgentia
1109 3060 1192 3115 etiam
1205 3077 1254 3128 pro
1269 3060 1404 3115 defunctis

160 3149 203 3202 est
221 3146 321 3200 donum
338 3162 370 3202 ex
388 3146 522 3202 Ecclesiae
541 3145 669 3202 thesauro
689 3148 892 3218 depromptum,
920 3147 967 3216 qui
993 3149 1101 3202 constat
1122 3162 1153 3201 ex
1171 3146 1276 3200 meritis
1293 3144 1404 3211 Christi,

160 3233 261 3288 Beatae
279 3232 381 3288 Mariae
399 3232 520 3303 viginis,
546 3236 574 3288 et
596 3233 711 3288 aliorum
730 3233 906 3298 Sanctorum,
933 3249 1014 3302 opera
1038 3249 1101 3288 sero
1118 3233 1242 3303 injuncta
1258 3235 1323 3287 sunt
1340 3249 1404 3287 cou-

157 3319 229 3374 ditio
247 3319 350 3384 solum,
372 3319 430 3375 siue
448 3337 501 3390 qua
518 3320 643 3375 effectum
660 3337 714 3375 non
731 3320 848 3376 sortitur
864 3319 1058 3390 Indulgentia:
1078 3335 1143 3390 ergo
1160 3319 1235 3374 alind
1253 3321 1296 3374 est
1311 3317 1405 3374 Indul-

160 3405 262 3477 gentia,
279 3406 355 3462 aliud
371 3423 435 3476 opus
453 3406 612 3476 injunctum.
636 3409 719 3463 Porro
737 3408 760 3463 si
774 3408 922 3479 applicatio
934 3407 1125 3478 Indulgentiae
1135 3423 1184 3477 pro
1194 3406 1259 3461 solis
1271 3405 1404 3461 defunctis

159 3509 298 3548 concessae
315 3493 465 3549 necessario
483 3495 625 3564 conjuncta
643 3496 714 3549 esset
733 3511 793 3549 cum
811 3495 992 3565 applicatione
1011 3493 1157 3558 Sacriiieii,
1187 3492 1352 3549 Sacrificium
1376 3493 1405 3545 et

159 3579 336 3650 indulgentia
354 3577 443 3636 forent
459 3596 541 3636 unum
562 3583 590 3636 et
607 3581 694 3650 idern,
721 3597 787 3652 ergo
807 3581 974 3636 Sacrificium
991 3597 1045 3636 non
1063 3583 1135 3636 meet
1152 3582 1261 3636 tantum
1279 3596 1346 3650 opus
1363 3579 1405 3632 iu-

158 3667 298 3736 junctum,
322 3683 371 3722 uec
394 3666 572 3738 Indulgentia
590 3685 621 3723 ex
639 3668 774 3724 Ecclesiae
792 3669 919 3724 thesauro
937 3668 1113 3738 deprompta;
1138 3667 1186 3722 sed
1205 3683 1236 3720 er
1253 3665 1345 3720 valore
1358 3665 1405 3718 iu-

160 3754 238 3808 finito
256 3754 376 3823 ejusdem
395 3755 534 3818 sacrificii,
552 3755 600 3825 qni
619 3758 692 3812 certe
710 3756 847 3811 Ecclesiae
865 3755 998 3826 potestati
1015 3771 1069 3809 nou
1086 3755 1186 3819 subest,
1204 3752 1252 3809 sed
1267 3751 1406 3808 voluntati

161 3839 212 3895 Dei
230 3841 307 3897 finito
325 3841 404 3897 modo
422 3841 597 3912 applicantis;
621 3841 700 3911 atqui
723 3841 888 3898 Sacrificium
914 3845 956 3897 est
978 3843 1087 3896 mutum
1104 3857 1171 3912 opus
1186 3839 1352 3909 injunctum,
1376 3839 1406 3893 et

160 3925 336 3996 Indulgentia
350 3945 404 3983 nou
422 3943 453 3982 ex
471 3929 576 3994 valore,
594 3944 642 3983 seu
663 3929 755 3984 iructu
774 3928 919 3992 Sacrificii,
945 3944 1010 3999 ergo
1028 3945 1081 3983 nou
1098 3929 1163 3982 sunt
1179 3943 1261 3985 unum
1278 3928 1307 3980 et
1324 3926 1405 3985 idem.

132 4021 134 4025 '
160 4013 280 4082 adeoque
303 4013 469 4070 Sacrificium
496 4018 525 4070 et
547 4014 723 4085 Indulgentia
750 4015 835 4072 dividi
861 4017 975 4085 manunt
1000 4015 1109 4085 (saltem
1132 4014 1196 4068 dum
1220 4011 1296 4068 aliud
1313 4012 1343 4066 in
1360 4011 1405 4066 In·

160 4100 239 4155 dulto
256 4117 309 4154 nou
326 4101 503 4171 exprimitur),
523 4104 551 4157 et
568 4104 763 4172 consequenter
783 4102 812 4157 iu
830 4102 882 4159 hac
903 4102 1047 4174 hypothesi
1065 4100 1193 4157 Sacerdos
1212 4101 1302 4171 potest
1314 4097 1404 4153 Sacri-

160 4187 250 4241 ficium
267 4187 363 4242 offerre
381 4204 430 4256 pro
448 4203 510 4253 uno,
529 4190 557 4243 et
577 4188 783 4258 indulgentiam
800 4189 937 4260 applicare
956 4205 1003 4258 pro
1021 4187 1118 4243 altero.
1154 4186 1227 4241 Haec
1244 4189 1316 4252 sunt,
1335 4200 1405 4254 quae

160 4273 276 4343 sapienti
294 4272 395 4344 iudicio
413 4277 517 4340 restro,
546 4274 761 4331 Eminentissimi
784 4277 895 4341 Patres,
921 4274 1090 4346 subjicienda
1112 4290 1171 4329 esse
1188 4272 1277 4328 duxi«
1312 4274 1405 4342 Atque

159 4361 201 4416 ita
225 4359 283 4416 Sec.
300 4359 484 4433 Congregatio
501 4361 640 4431 respondit
659 4362 704 4418 die
719 4363 762 4418 31.
777 4362 904 4420 Januarii
920 4363 995 4418 1848.

264 4445 292 4518 1)
309 4447 408 4505 Omnes
426 4447 526 4516 fideles,
545 4448 591 4519 qni
608 4449 729 4506 iecerunt
747 4450 868 4506 eamdem
885 4449 1059 4515 obbtiouem,
1075 4450 1188 4519 possum
1205 4444 1306 4503 lucrari
1323 4448 1374 4502 eto.
