3109 4859
439 185 441 188 ,
563 126 664 195 Koba,
685 126 741 182 Dte
760 123 988 194 Wctbbtscbolc.
1311 102 1374 170 211

243 300 296 366 IV.
338 301 382 365 ut
403 300 555 382 quatems
577 298 737 376 teneatur,
771 315 812 361 an
842 292 1008 374 sandaliis,
1042 290 1235 373 dalmaticis,
1271 290 1374 371 nultra,

138 406 247 470 baculo
280 403 447 488 pastorali,
488 419 577 469 cruce
611 402 642 467 et
675 394 828 471 similibus
866 391 1012 483 llplscopo
1046 389 1292 481 competentibus
1327 396 1374 463 uti

137 507 274 574 debeat?
773 559 777 564 .
809 567 813 573 ,
1333 560 1334 563 ,

119 662 120 665 ,
242 606 279 679 V.
325 606 483 691 Quatenus
502 628 575 681 ¹vero
596 628 655 674 non
675 609 819 675 teneatur
842 607 890 672 vel
908 606 969 672 sibi
990 605 1084 671 liceat
1099 624 1118 671 a
1132 605 1281 689 praelatis
1296 605 1375 675 lreb·.

138 714 309 781 domadarii
331 714 440 781 officiis
463 732 496 779 se
518 693 692 795 abstinere,
723 732 763 777 an
791 710 1023 777 distributiones
1052 708 1197 788 amittat,
1232 710 1374 799 quamyis

138 818 229 885 choro
252 812 322 884 curn
341 819 476 885 caeteris
499 816 655 883 canonicis
677 815 877 882 interfuerit?

240 923 305 990 Vl,
339 923 390 988 An
412 922 525 987 debeat
547 920 785 1004 Archiepiscopo
807 918 956 985 solemnia
983 918 1091 1002 agenti
1118 917 1282 995 assistere,
1315 914 1374 981 mi·

138 1026 268 1108 nistrare
291 1026 413 1110 aliaque
436 1026 601 1110 praestare,
625 1042 702 1107 quae
726 1012 841 1088 caeteri
863 1020 999 1106 ejusdem
1023 1020 1148 1088 Ordinis
1171 1018 1318 1087 canonici
1335 1018 1374 1084 de

138 1150 220 1195 more
243 1129 343 1195 eidem
360 1129 545 1213 praestant?

241 1234 311 1300 VII:
353 1232 457 1315 Quum
478 1234 584 1299 autem
606 1232 709 1297 orator
732 1229 859 1295 minime
880 1229 1020 1314 ignoret,
1044 1247 1064 1294 a
1085 1228 1215 1295 caeteris
1237 1228 1374 1312 ejusdem

136 1336 252 1402 ordinis
275 1336 437 1403 canonicis
460 1355 553 1421 aegre
575 1335 659 1414 terri,
687 1334 869 1418 Episcopum
894 1352 910 1399 e
934 1332 1052 1417 gremio
1075 1332 1213 1417 ejusdem
1237 1332 1374 1417 Capituli

137 1442 235 1505 vestes
257 1442 289 1507 et
302 1428 430 1525 'caligas
451 1439 561 1506 eoloris
584 1438 720 1531 violacei
734 1439 766 1504 et
786 1436 936 1523 quidquid
951 1435 1036 1503 aliud
1052 1437 1256 1521 episcopalem
1272 1436 1376 1521 digni·

136 1546 235 1610 tatem
258 1545 381 1623 referat,
406 1545 436 1608 in
460 1544 551 1609 choro
573 1561 737 1626 eorumque
761 1560 925 1625 congressu
949 1542 1071 1625 gestare
1094 1543 1126 1606 et
1148 1540 1376 1625 quomodocun-

137 1667 196 1731 que
218 1666 250 1713 se
275 1649 313 1713 ab
334 1648 409 1732 ipsis
433 1647 634 1733 distinguere,
658 1665 693 1721 ac
715 1646 842 1730 proinde
865 1664 924 1711 non
941 1645 1050 1713 multis
1065 1645 1178 1711 abhinc
1194 1646 1284 1711 aunis
1298 1645 1375 1711 duos

138 1751 275 1834 ejusdem
299 1750 435 1835 Capituli
457 1750 643 1829 Canonicos,
668 1770 686 1816 a
708 1749 836 1815 Summo
849 1738 1007 1816 'Pontifice
1028 1750 1250 1834 Episcopos‘iu
1271 1749 1372 1832 parti-
1399 1826 1403 1830 g

138 1855 196 1920 bus
218 1854 420 1933 renuntiatus,
443 1853 554 1935 locum,
579 1873 670 1937 quern
694 1855 786 1919 autea
808 1853 841 1919 iu
860 1852 953 1920 choro
975 1855 1134 1921 habebant
1159 1856 1200 1922 et*
1213 1853 1246 1919 in
1267 1853 1375 1937 quovis

36 1981 40 1987 ·
138 1957 274 2041 Capituli
296 1976 460 2042 congressu
483 1958 615 2025 retinere
636 1960 667 2035 et
691 1957 802 2023 blissas
824 1960 857 2024 et
871 1958 1023 2043 Vesperas
1044 1958 1182 2043 aliasque
1204 1957 1376 2025 functiones
1435 1984 1438 1988 J
1550 2009 1551 2018 ,

140 2062 171 2126 in
190 2079 247 2126 sua
269 2060 479 2138 bebdomada,
510 2061 596 2127 nulla
621 2060 762 2126 adhibita
781 2061 1033 2136 indumentorum
1055 2062 1155 2128 aliave
1177 2061 1375 2132 distinctione

117 2160 193 2229 ”ceu
215 2164 348 2250 reliquos
374 2163 541 2231 canonicos
573 2164 828 2231 hebdomadarios
858 2166 1012 2234 celebrare
1043 2166 1253 2245 consuevisse,
1283 2184 1376 2249 seque

139 2268 289 2334 duntaxat
311 2287 329 2331 a
352 2252 625 2352 supplicationibus
649 2268 780 2352 publicis
811 2268 994 2354 episcopalis
1023 2269 1147 2335 honoris
1175 2289 1249 2355 ergo
1279 2269 1377 2336 absti-

138 2372 260 2451 nuisse,
291 2372 523 2438 distributiones
548 2374 653 2438 tamen
675 2372 865 2453 amittendo,
899 2392 936 2439 ac
968 2374 994 2439 si
1021 2373 1220 2457 culpabiliter
1248 2374 1387 2439 minime·

137 2475 367 2555 interfuissent,
391 2476 666 2559 obsequentissime
686 2476 841 2560 postulat:
863 2494 902 2541 an
927 2478 1084 2554 teneatur,
1112 2476 1160 2543 vel
1182 2477 1294 2543 saltem
1315 2477 1375 2543 sibi

136 2581 230 2646 licoat
263 2580 335 2645 huie
368 2580 583 2646 consuetudini
616 2598 648 2645 se
683 2580 873 2646 conformare
905 2578 937 2647 in
976 2580 1119 2647 omnibns
1152 2582 1209 2647 ant
1240 2600 1374 2667 quanam

136 2683 169 2748 iu
192 2682 335 2768 partei'
521 2764 525 2770 ,
636 2742 638 2749 ,
1351 2699 1353 2703 ’
1390 2680 1393 2691 ’

241 2789 281 2853 ut
303 2806 390 2853 sacra
413 2788 521 2854 eadem
543 2786 749 2874 congregatio
765 2789 813 2854 “in
835 2790 992 2857 ordinario
1014 2793 1103 2858 coetu
1125 2791 1164 2857 ad
1188 2778 1376 2869 Vaticanum

135 2890 319 2976 subsignata
341 2890 390 2956 die
413 2890 601 2971 coadunata,
631 2891 784 2959 referente
806 2892 1001 2977 infrascripto
1029 2893 1218 2974 Secretario,
1243 2894 1374 2960 attentis

135 2993 279 3077 expositis
302 3013 338 3060 ac
360 2994 494 3079 singulis
516 2995 670 3061 rationum
695 2996 858 3063 momentis
879 2997 959 3063 serio
973 2998 1113 3063 examine
1131 3000 1300 3083 perpensis,
1325 3018 1374 3065 re·

136 3096 333 3187 scribendum
356 3098 494 3164 censuit:
579 3128 590 3134 -

237 3203 277 3267 ad
299 3204 323 3269 Ι.
348 3206 381 3269 et
399 3204 441 3270 II.
487 3204 620 3269 Ratione
647 3204 850 3287 ltpiscopatus
879 3222 966 3287 posse
997 3204 1037 3270 et'
1060 3204 1170 3271 debere
1194 3206 1242 3271 uti
1260 3205 1375 3271 ,babitu

136 3304 305 3385 ordinario,
332 3325 391 3390 quo
414 3308 544 3373 utuntur
567 3308 710 3391 Episcopi
731 3308 762 3372 in
785 3308 925 3374 Romana
945 3308 1053 3387 (turia,
1086 3308 1119 3373 id
1141 3313 1207 3388 est,
1238 3308 1374 3385 Bocheto

135 3429 226 3493 supro
244 3410 418 3477 Subtanam
435 3411 470 3477 et
495 3410 681 3476 Manteletto
708 3409 837 3478 violacei
869 3412 979 3478 eoloris
1008 3418 1041 3478 et
1063 3413 1173 3481 debere
1193 3411 1375 3497 praecedere

135 3515 276 3581 omnibus
298 3513 369 3581 aliis
392 3513 555 3583 Canonicis
577 3516 608 3579 et
630 3514 735 3580 sedere
757 3514 790 3580 iu
812 3516 912 3599 primo
938 3516 1032 3583 stallo
1061 3536 1156 3601 snpra
1184 3536 1307 3596 omnes,
1339 3516 1376 3581 ut

133 3618 167 3683 in
190 3616 436 3701 Compostellaua
456 3617 504 3684 die
529 3619 579 3685 15.
603 3617 684 3685 Julii
711 3619 801 3701 1617.
882 3657 884 3661 ι

237 3719 277 3787 ad
298 3722 355 3813 Ill.
403 3722 441 3787 In
463 3722 567 3788 Missis
587 3722 624 3787 de
646 3723 739 3787 turno
762 3723 918 3789 abstineat
941 3725 973 3791 et
996 3725 1144 3811 subroget
1166 3724 1263 3790 alium
1286 3725 1321 3789 ut
1340 3723 1371 3790 iu

134 3825 291 3891 Asculano
310 3825 372 3891 diei
398 3825 446 3890 10.
470 3825 586 3909 Aprilis
610 3826 713 3904 17-28;
746 3824 780 3892 iu
815 3827 1052 3921 solemnioribus
1083 3848 1152 3895 eum
1185 3828 1374 3893 indumentis

43 3927 46 3937 “
134 3927 372 4011 pontificalibus,
396 3927 451 3995 sed
474 3928 511 3995 de
530 3928 657 3995 deontia
680 3928 832 4015 Episcopi.

238 4030 277 4096 ad
300 4029 354 4111 Ν.
399 4031 475 4099 Jam
495 4032 661 4116 provisum.

107 4216 113 4223 Ι
238 4134 277 4199 ad
299 4134 338 4200 V.
383 4136 490 4220 Quoad
512 4135 643 4220 primam
667 4138 787 4221 partem
808 4125 1070 4222 improvisum,
1103 4140 1246 4226 negativo
1271 4140 1374 4229 quoad

135 4237 301 4303 ‘secundam
322 4243 452 4321 partem.
526 4234 531 4243 “

237 4340 277 4406 ad
296 4341 351 4409 Vl.
395 4342 531 4431 'Ponetur
553 4342 658 4409 sedere
681 4343 714 4409 in
738 4344 831 4413 choro
853 4365 925 4413 cum
947 4346 1087 4431 pluviali.
1175 4414 1180 4419 Α

239 4444 279 4509 ad
303 4444 371 4515 VII.
417 4447 571 4534 Negative
593 4447 625 4515 in
649 4448 802 4517 omuibus.
871 4472 876 4476 ·
