3109 4859
185 74 248 137 mo
435 66 1174 159 mmmmmmwmwu

184 261 346 344 Principis,
371 260 514 343 bucael),
539 258 680 325 Clemens
692 258 717 344 2)
741 278 776 324 ac
798 259 923 344 Tituri)
947 258 1053 324 sedulo
1076 258 1285 338 excoluerunt,
1322 258 1484 323 mirum

184 366 270 431 dictu
293 365 340 431 ost
362 364 549 448 quantopere
577 382 627 428 res
657 363 827 428 christiane
857 362 1036 445 profecerit,
1070 363 1247 446 quantaque
1281 363 1483 427 habuerit

185 468 390 548 incrementa,
424 466 632 533 ecclesiastica
662 467 839 532 hierarchia
861 468 1049 544 constituta,
1083 468 1115 530 in
1148 486 1210 550 qua
1239 466 1479 550 episcopales

185 572 271 638 sedes
293 570 591 648 Thessalonicensis,
613 569 793 635 Salonitane
816 590 852 635 ae
873 569 1050 635 Sirmiensis
1073 570 1279 653 principatum
1304 571 1472 635 obtine·
1527 572 1530 581 '

185 676 272 753 bant,
292 693 369 756 queo
391 674 501 738 merito
523 693 543 737 a
563 674 682 739 duobus
697 673 894 757 Principibus
910 673 1130 757 Apostolorum
1151 674 1266 756 primos
1282 674 1473 738 Pastores

186 797 255 843 suos
275 776 427 861 accepisse
451 777 632 861 gloriantur.
677 778 786 861 Neque
815 778 992 861 regionibus
1021 778 1085 843 illis
1119 777 1219 841 deluit
1253 778 1469 861 martyrum

186 883 279 947 decus
299 882 353 945 aut
376 875 535 946 doctorum
557 881 735 960 illustrium,
758 881 790 945 in
813 881 925 966 quibus
944 900 1114 946 memorare
1133 883 1273 963 praestat
1288 880 1467 946 clarissi-

185 1003 271 1050 mum
291 984 369 1049 illud
391 984 590 1056 occidentalis
613 984 771 1050 Ecclesiae
791 984 912 1063 lumen,
944 1003 981 1048 ac
1011 984 1155 1049 eximium
1178 984 1363 1049 divinarum
1391 984 1467 1047 lit-

185 1091 322 1155 terarum
344 1088 554 1171 interpretem,
575 1089 806 1173 Hieronymum,
829 1088 882 1172 qui
905 1088 986 1171 apud
1010 1090 1129 1153 veteres
1152 1087 1227 1154 fines
1250 1086 1461 1152 Pannonio·

185 1212 254 1258 rum
277 1192 308 1257 et
331 1191 547 1257 Dalmatarum
556 1191 583 1279 4)
606 1193 738 1276 primam
756 1194 856 1257 lucem
882 1192 996 1257 hausit.

289 1296 419 1360 Romani
442 1299 545 1361 autem
570 1295 735 1363 Pontifices
758 1296 1012 1360 Praedecessores
1032 1294 1141 1360 Nostri
1164 1294 1280 1360 nullam
1296 1294 1458 1359 benevo-

81 1452 89 1467 .
178 1396 316 1477 tentiae,
345 1398 463 1463 nullam
497 1410 624 1464 suarum
655 1418 798 1465 curarum
821 1402 942 1482 partem
963 1399 1079 1484 lllyrici
1104 1397 1267 1481 provinciis
1290 1416 1454 1481 unquam

186 1502 289 1567 deesse
315 1502 398 1584 passi
419 1503 508 1580 sunt3
529 1504 591 1568 imo
614 1503 646 1567 in
670 1503 782 1568 finibus
805 1504 854 1582 iis,
878 1500 955 1587 quae
978 1504 1127 1568 orientem
1151 1502 1252 1586 magis
1273 1503 1449 1585 spectant,

185 1605 334 1690 quosdam
356 1606 583 1688 constituerunt
605 1607 761 1672 sacrorum
784 1606 970 1685 Antistites,
1000 1605 1053 1689 qui
1082 1605 1199 1672 uicaria
1230 1603 1448 1687 Apostolicae

186 1709 273 1775 Sedis
295 1709 450 1792 potestate
472 1713 657 1793 praeessent,
681 1710 832 1775 adhibitis
848 1728 956 1791 nempe
972 1708 1255 1775 Thessalonicensis
1269 1707 1444 1773 Ecclesiae

186 1813 354 1897 Episcopis,
377 1814 431 1897 qui
450 1814 507 1879 hoc
530 1815 700 1880 ministerio
724 1815 936 1898 fungerentur.
982 1814 1031 1877 lta
1058 1813 1232 1897 provinciae
1261 1811 1336 1877 illae
1369 1811 1442 1877 Ro·

186 1936 345 1981 manorum
367 1916 552 1982 Pontificum
571 1936 634 2011 non
654 1918 840 1983 intermissis
863 1917 944 1982 curis
965 1935 1107 2000 prospere
1128 1916 1314 1993 floruerunt,
1346 1914 1439 1997 quod

186 2038 319 2103 magnus
339 2018 485 2084 Nicotaus
509 2019 533 2087 Ι.
554 2020 777 2086 Praedecessor
798 2022 920 2100 Noster,
949 2021 1031 2086 datis
1054 2020 1094 2085 ad
1116 2018 1301 2085 Michaelem
1325 2019 1436 2101 Impe-

93 2189 101 2195 „
186 2124 318 2187 retorem
341 2122 470 2208 litteris,
501 2123 681 2189 declarabat
704 2125 752 2188 his
775 2125 897 2189 verbis:
931 2125 1112 2210 Illyricam
1147 2124 1296 2189 dioecesis
1324 2121 1434 2188 Aete-

186 2246 341 2291 oessorum
359 2226 549 2294 Nostrorum
570 2230 769 2309 temporibus,
790 2230 909 2295 scilicet
930 2228 1078 2307 Doeiosi,
1097 2228 1219 2306 Siricii,
1241 2226 1433 2303 loaoceatii,

186 2330 360 2412 Bonifatii,
384 2329 560 2410 Caelestini,
580 2331 673 2410 Steti,
692 2332 820 2409 Leonis,
844 2332 967 2408 Hilari,
996 2327 1177 2413 Simplicii,
1196 2330 1315 2395 Felicis
1336 2333 1435 2410 etqew

186 2434 379 2499 Hormisdue
399 2440 577 2501 sauctorum
598 2436 784 2519 Pontificum
807 2436 911 2500 suerio
934 2434 1190 2515 dimicationibus
1207 2433 1426 2516 accessura.

141 2583 144 2591 .
186 2536 266 2616 Quin
299 2536 393 2600 etiam
423 2536 507 2603 hisee
537 2538 653 2605 litteris
672 2539 862 2621 antiquiores
885 2538 1032 2621 epistolae
1055 2537 1185 2602 alterius
1210 2536 1316 2620 magni
1331 2536 1427 2599 Prae-

186 2638 354 2705 decessoris
377 2638 484 2705 Nostri
507 2640 649 2725 Gregorii
668 2643 692 2706 Ι.
717 2644 899 2726 perpetuum
927 2640 1021 2724 etque
1049 2641 1172 2706 illustre
1195 2641 1427 2705 monumentum

185 2742 331 2807 exhibent
354 2760 424 2807 cum
446 2762 607 2830 supremae
628 2745 841 2824 auctoritatis,
862 2746 931 2810 tum
951 2744 1134 2828 praecipuae
1156 2742 1371 2810 sollicitudinis
1392 2744 1428 2807 et

187 2846 300 2911 effusae
320 2845 477 2927 caritatis,
513 2866 574 2930 qua
608 2848 685 2915 haee
719 2850 858 2913 Romana
890 2847 983 2915 Sedes
1006 2868 1060 2932 pro
1082 2868 1115 2913 re
1137 2850 1212 2913 nata
1234 2846 1425 2914 necessitati·

70 2995 73 3011 .
185 2950 243 3015 bus
267 2951 432 3015 Pastorum
456 2970 492 3016 ac
515 2950 652 3017 fidelium
675 2953 838 3036 regionum
861 2946 1049 3029 earumdem,
1073 2951 1107 3015 in
1128 2950 1369 3017 aedificationem
1391 2947 1426 3014 et'

117 3056 119 3061 ’
187 3055 389 3139 augmentum
412 3055 537 3141 mystici
559 3057 693 3139 corporis
717 3055 844 3135 Christi,
865 3056 1011 3139 opitulari
1032 3056 1199 3122 consuerit.

294 3158 337 3223 At
359 3178 430 3225 vero
452 3159 667 3225 fatiscentibus
694 3160 823 3225 Romani
857 3158 979 3243 imperii
1011 3160 1141 3238 uiribus,
1177 3177 1272 3241 quum
1302 3158 1340 3234 ii,
1367 3156 1414 3239 qui

187 3283 330 3347 suprema
351 3265 505 3347 potestate
528 3264 702 3347 pollebant,
731 3265 865 3347 impares
888 3265 992 3329 essent
1014 3262 1191 3328 cohibendis
1212 3262 1352 3345 gentium
1370 3279 1414 3324 ex·

187 3369 323 3431 terarum
357 3367 452 3450 copiis
485 3368 727 3451 irrumpentibus
758 3368 894 3451 undique
921 3369 953 3433 et
984 3367 1088 3432 omnia
1118 3366 1181 3431 late
1200 3366 1417 3449 populantibus,

187 3471 282 3536 etiam
317 3470 457 3554 regiones
491 3472 563 3537 illae
597 3472 832 3537 florentissimae
866 3490 884 3536 a
915 3469 1029 3537 Gothis
1057 3471 1089 3535 et
1115 3470 1154 3534 ab
1180 3469 1306 3534 Hunnis
1328 3468 1417 3552 primo

187 3594 257 3639 mox
279 3574 318 3639 ab
342 3574 452 3639 Avaris
475 3576 507 3639 et
529 3595 547 3641 a
566 3570 708 3642 Slauouis
727 3576 896 3660 occupatae
917 3576 998 3641 sunt.
1033 3575 1134 3656 Quare
1154 3572 1185 3637 io
1210 3592 1245 3637 ea
1261 3570 1342 3637 tristi
1357 3572 1416 3637 rice

187 3680 329 3744 caedium
351 3680 382 3744 et
405 3680 633 3758 vastationum,
671 3699 731 3745 non
763 3680 853 3746 modo
883 3680 987 3764 plures
1011 3699 1045 3744 ex
1067 3678 1198 3743 urbibus
1222 3677 1370 3743 uetustate
1387 3676 1418 3740 et

188 3783 391 3868 amplitudine
413 3783 587 3867 insignibus
611 3784 728 3853 excisae
750 3785 842 3863 sunt,
866 3782 1037 3849 sedetiam
1062 3782 1165 3865 plures
1189 3801 1205 3845 e
1228 3779 1416 3846 nobilioribus

188 3888 312 3953 sedibus
335 3888 560 3973 episcopalibus
582 3888 705 3955 omnino
729 3889 916 3956 deiecerunt.
950 3887 1009 3955 Sed
1026 3905 1125 3971 neque
1141 3885 1187 3952 vis
1203 3885 1308 3964 animi,
1330 3902 1415 3967 neque

189 4022 498 4033 mm

293 4079 319 4148 l)
339 4080 366 4135 S.
386 4080 516 4150 Epiphun.
535 4079 637 4133 haeres.
660 4079 705 4134 LI.

175 4224 176 4228 ,
292 4167 318 4235 2)
331 4166 440 4221 Ῥατίηὺ.
458 4166 559 4235 Illyric.
577 4182 643 4221 sacr.
662 4168 726 4220 tom.
745 4166 766 4220 I.
787 4166 889 4234 proleg.
909 4163 978 4234 part.
998 4163 1051 4218 ΙΙΙ.
1070 4164 1094 4230 ἕ.
1116 4162 1139 4217 1.

292 4256 319 4321 3)
339 4252 365 4307 S.
384 4252 494 4309 Hieron.
512 4253 541 4307 in
559 4270 616 4323 cap.
635 4253 681 4308 IV.
700 4254 779 4321 epist.
800 4253 838 4307 ΙΙ.
856 4252 892 4307 ad
910 4251 1028 4306 Timoth.

291 4338 318 4405 4)
336 4337 412 4393 Idem
432 4337 465 4393 de
482 4339 548 4393 viris
566 4338 695 4393 illustrib.
714 4356 772 4408 cap.
790 4338 841 4393 ult.
1093 4334 1098 4338 ’

292 4397 990 4493 mmmmffimmmm
