3109 4859
320 114 492 181 Schneider,
513 114 542 171 S.
562 96 680 173 Poenis.
700 115 815 171 declar.
834 117 863 170 et
880 113 969 170 recol.
989 114 1026 168 de
1045 112 1208 170 Jaeuaeo:
1317 93 1380 159 253

141 292 322 360 dioecesana
344 293 399 359 ant
425 290 500 357 alibi
531 288 778 383 custodiendam,
815 308 876 372 qua
903 288 1103 373 sequentibus
1137 286 1380 371 obligationibus

141 396 445 473 seuconditionibus
467 414 516 475 se,
548 414 679 482 suosque
711 394 858 460 haerodes
886 396 917 460 et
939 413 1129 491 successores
1151 394 1303 478 subjicere
1327 393 1379 457 de-

142 502 271 579 clarent.
304 508 307 521 '
849 493 855 499 ’

200 640 212 652 ,
247 606 279 690 1)
302 605 467 672 Retineudi
489 605 595 672 eadem
615 606 695 671 bona
711 604 877 687 adnutum
892 604 1056 683 Ecclesiae,
1080 605 1207 691 ejusque
1222 605 1379 673 mandatis

143 710 271 777 subinde
294 712 431 795 parendi.
1053 761 1056 772 ι

246 818 278 893 2)
303 816 508 883 Conserraudi
532 816 598 906 ipsa
621 816 711 893 bona,
733 816 764 881 et
784 835 848 894 rem
871 814 981 882 utilem
1005 814 1101 879 ineis
1125 816 1259 899 gerendi.

246 920 279 1005 3)
304 921 499 1005 Adimplendi
523 921 575 1004 pia
597 940 689 987 onera
709 919 820 984 iisdem
840 920 927 985 bonis
950 920 1077 985 adnexa.

214 1080 216 1083 .
245 1025 279 1106 4)
301 1024 507 1110 Subveniendi
538 1044 573 1116 eu
602 1024 753 1089 fructibus
786 1024 923 1105 ipsorum
953 1026 1102 1089 bonorum
1136 1024 1290 1106 personis,
1325 1043 1378 1090 seu

23 1132 25 1139 ’
143 1128 230 1195 Locis
253 1130 321 1213 piis,
343 1112 481 1213 adquae
503 1129 541 1193 de
560 1129 630 1212 jure
652 1128 817 1211 pertinent.

10 1310 18 1317 ss
246 1233 278 1318 5)
302 1234 450 1299 Moneudi
472 1233 617 1298 haeredes
640 1234 671 1297 et
694 1251 884 1297 successores
911 1252 963 1317 per
986 1232 1196 1317 syngrapham
1220 1232 1376 1317 subscrip-

139 1340 206 1407 tam
231 1337 268 1403 de
287 1338 464 1422 hujusmodi
485 1337 735 1423 obligationibus,
760 1338 840 1401 utet
858 1339 917 1421 ipsi
933 1338 1044 1415 sciant,
1061 1338 1187 1421 adquiri
1203 1339 1378 1405 teneantur.

7 1448 9 1459 '
246 1443 279 1528 5)
303 1442 341 1507 Se
364 1461 493 1524 possano
514 1441 676 1507 assolversi
705 1441 828 1506 esotto
859 1442 944 1525 quali
974 1441 1145 1507 condicioni
1175 1442 1290 1520 coloro,
1322 1444 1379 1507 cbe

13 1532 18 1641 γ’
54 1536 62 1543 ”
138 1546 352 1630 acquisierono
375 1546 445 1611 beni
470 1546 668 1612 ecclesiastici
691 1540 853 1636 immobili,
878 1566 894 1610 e
917 1546 966 1630 poi
990 1547 1013 1613 li
1037 1546 1214 1613 vendettero
1236 1547 1276 1611 ad
1293 1546 1377 1625 altri,

7 1658 11 1668 ¹
138 1669 165 1728 e,
180 1651 236 1718 obe
257 1670 457 1734 cooperarono
481 1651 511 1715 ai
533 1650 681 1715 contratti
704 1668 794 1733 sopra
817 1650 828 1714 i
852 1650 1010 1715 medesimi
1032 1651 1162 1737 boni¹)?

187 1769 188 1777 ¹
243 1756 279 1823 R.
303 1756 507 1833 Affirmstive,
524 1755 668 1839 deposito
689 1754 774 1820 lucro
797 1755 904 1821 exinde
926 1756 1041 1839 injuste
1063 1757 1206 1839 percepto
1225 1755 1259 1819 in
1277 1754 1378 1821 mani·
1407 1817 1411 1825 .

139 1859 196 1925 bus
218 1858 382 1939 ordinarii,
404 1861 443 1925 ad
466 1860 608 1925 effectum
633 1859 711 1924 illud
736 1860 935 1925 conservandi
959 1853 1061 1925 lavore
1084 1859 1377 1942 Locorumpiornm,

139 1984 218 2048 quae
240 1964 353 2029 damna
374 1982 466 2047 passa
489 1965 571 2041 sunl,
594 1963 734 2045 reparato
754 1963 908 2040 seandalo,
933 1964 1059 2029 monitis
1075 1964 1161 2028 novis
1177 1964 1377 2046 emptoribus,

138 2069 269 2153 aliisque
293 2067 502 2150 complicibus,
526 2068 561 2131 nt
584 2067 723 2150 propriae
747 2066 909 2132 consulant
931 2066 1146 2144 eonscientiae,
1179 2068 1211 2132 el
1233 2066 1378 2150 imposita
1495 2111 1496 2118 κ

138 2173 270 2257 singulis
294 2164 482 2256 obligatione
505 2172 609 2236 standi
631 2172 788 2237 mandatis
810 2172 842 2237 S.
866 2153 954 2237 sodis
977 2172 1108 2254 desuper
1129 2158 1272 2238 terendis.

242 2276 274 2363 li)
298 2276 336 2342 Se
359 2295 374 2341 e
397 2295 453 2341 eon
475 2276 560 2359 quali
589 2277 780 2361 ingiunzioni
814 2295 943 2360 possano
973 2276 1135 2341 assolrersi
1168 2275 1284 2354 coloro,
1320 2275 1376 2341 obe

142 2380 354 2463 acquistarono
377 2381 448 2446 beni
471 2376 578 2447 mobili
600 2381 862 2465 eeclesiastici²)?

243 2485 278 2551 R.
305 2484 507 2559 Affirmative,
530 2484 674 2568 imposita
694 2484 758 2565 illis
779 2484 884 2568 aliqua
898 2486 1091 2569 eleemosyna
1106 2485 1209 2550 favore
1224 2486 1374 2551 Locorum

138 2588 272 2671 piorum,
303 2590 342 2655 ad
372 2608 449 2673 qnae
480 2589 566 2654 dicta
588 2590 667 2654 bona
690 2589 902 2673 pertinebant,
939 2592 1091 2672 qnatenus
1113 2588 1251 2679 emerint
1266 2589 1375 2673 pretio,

137 2692 219 2775 quod
251 2691 364 2777 judicio
396 2692 552 2760 Ordinarii
582 2712 635 2758 seu
669 2694 855 2760 confessarii
877 2694 972 2759 inerit
993 2694 1096 2759 minus
1115 2694 1211 2778 justo.
1256 2695 1317 2772 At,
1349 2695 1377 2760 si
1437 2698 1443 2711 “

67 2809 69 2815 ·
138 2800 252 2879 agetur
275 2796 312 2862 de
335 2797 439 2876 rebus,
461 2815 540 2881 quae
559 2816 620 2863 non
642 2797 705 2862 sint
727 2806 787 2861 usn
808 2798 1081 2881 consumptibiles,
1114 2816 1170 2863 seu
1204 2816 1281 2881 quae
1313 2818 1377 2863 ser·

138 2900 236 2966 vando
256 2901 372 2966 serrari
395 2901 529 2985 possint,
558 2902 612 2967 ant
634 2902 672 2968 do
695 2901 959 2987 supellectilibus,
982 2905 1014 2967 et
1035 2901 1117 2967 vasis
1139 2902 1253 2981 sacris,
1277 2902 1377 2985 impo-

138 3007 231 3071 natur
261 3005 493 3072 Poenitentibus
525 3006 674 3091 obligatio
705 3008 931 3090 quamprimum
960 3006 1136 3071 recurrendi
1159 3007 1199 3071 ad
1221 3006 1294 3071 Loci
1317 3006 1374 3073 Or·

138 3109 293 3175 dinarium
313 3110 353 3175 ad
375 3111 449 3190 hoc,
483 3111 519 3176 ut
550 3130 641 3196 super
672 3111 784 3177 iisdem
806 3112 899 3177 rebus
922 3109 1080 3195 provideat
1099 3110 1189 3193 juxta
1213 3109 1375 3175 indultum

137 3213 198 3297 ipsi
220 3213 393 3281 Ordinerio·
402 3215 469 3299 jam
492 3233 510 3279 a
532 3214 562 3280 S.
588 3214 830 3281 Poeuilentiaria
852 3233 1040 3281 concessum.
1102 3270 1108 3279 .

244 3320 276 3401 7)
299 3318 348 3397 Se,
372 3338 388 3384 e
411 3336 495 3385 corne
519 3338 647 3401 possano
670 3318 831 3385 assolrersi
853 3319 972 3414 coloro,
996 3318 1052 3384 ohe
1076 3336 1196 3400 presero
1218 3317 1251 3383 in
1274 3317 1376 3383 altillo

139 3420 211 3487 beni
233 3422 435 3489 ecclesiastici
457 3424 607 3508 occupati,
630 3422 669 3489 od
690 3423 820 3489 alienati
842 3423 894 3489 del
917 3422 1144 3506 Demanio³)?1

245 3526 280 3593 R.
305 3527 507 3605 Affirmative,
531 3526 677 3611 imposita
692 3527 927 3593 Paenitentibus
942 3526 1131 3611 obligatione
1146 3526 1375 3611 quamprimum

138 3630 314 3697 recurrendi
335 3633 374 3698 ad
398 3632 471 3699 Loci
495 3632 710 3712 Ordinarium,
739 3632 779 3697 ad
805 3601 880 3711 lnoc,
911 3634 947 3696 nt
978 3651 1070 3715 super
1101 3631 1187 3697 bonis
1216 3630 1375 3697 conductis

138 3734 295 3822 provideat
324 3737 414 3821 juxta
436 3736 596 3804 indultum
618 3736 678 3821 ip'si
702 3736 864 3813 Ordinario
884 3737 950 3820 jem
973 3737 1088 3820 pariter
1111 3756 1130 3801 a
1152 3736 1182 3802 S.
1208 3736 1374 3801 Poeniten·

137 3839 230 3904 tiaria
252 3859 440 3908 concessum.
714 3824 716 3833 ¹

169 4049 171 4059 Ι
240 3981 266 4049 1)
285 3982 329 4036 An
347 3982 452 4049 possint
468 3981 574 4037 absolvi
592 3985 620 4037 et
639 3981 688 4037 sub
704 3981 806 4051 quibus
824 3980 1020 4035 conditionibus
1037 3979 1093 4043 illi,
1120 3978 1167 4048 qui
1193 3978 1263 4033 boue
1289 3979 1375 4034 ecole-

135 4068 246 4124 siastioa
264 4068 414 4123 immobilia
431 4068 640 4137 acquisiverunt,
660 4085 782 4138 quaeque
799 4069 894 4137 postea
912 4065 1168 4131 aliisrendideruut,
1188 4066 1271 4133 atque
1282 4080 1374 4135 coope-

136 4155 190 4209 rati
207 4158 271 4209 sunt
288 4155 323 4209 ad
340 4153 551 4211 contrabendum
570 4154 602 4208 de
620 4154 716 4209 iisdem
733 4154 831 4209 bonis?

240 4242 266 4310 2)
287 4241 329 4296 An
347 4244 375 4297 et
393 4241 441 4297 sub
460 4242 557 4311 quibus
575 4242 786 4312 injunctionibus
804 4241 908 4313 possint
925 4240 967 4295 illi
981 4237 1093 4304 absolvi,
1112 4237 1159 4307 qni
1171 4239 1372 4309 acquisiverunt

136 4326 207 4382 bona
224 4327 334 4383 mobilia
351 4328 550 4384 ecclesiastica?
1357 4374 1360 4379 .

239 4414 267 4485 3)
284 4415 326 4469 An
344 4418 372 4470 et
390 4414 523 4485 quomodo
541 4412 646 4485 possint
662 4413 769 4471 absolvi
786 4413 837 4482 illi,
856 4412 904 4483 qni
921 4410 1105 4468 conduxerunt
1113 4410 1184 4466 bona
1193 4409 1375 4469 ecclesiastiea

136 4500 248 4557 detenta
268 4501 311 4557 vel
329 4502 448 4559 alienata
465 4518 481 4558 a
500 4500 655 4558 Gubernio?
