3109 4859
191 46 254 127 438
444 63 556 117 Leonis
575 61 661 116 XIII.
681 64 726 117 lit.
745 67 844 132 apost.
863 64 892 116 d.
911 64 938 115 d.
953 61 980 115 5.
1000 61 1083 117 sorar
1101 60 1182 146 1881.
1282 27 1285 33 .
1324 64 1329 71 ’

192 236 268 320 ejus,
291 252 383 319 quam
407 235 477 318 lpse
499 254 517 301 a
537 236 665 301 Pastore
689 236 815 301 aeterno
836 234 870 300 in
890 253 1018 320 gregem
1038 231 1480 300 christiauumuniversum

191 342 359 422 acceperat.
404 337 585 418 Sedenim,
616 340 779 422 postquam
808 337 974 404 nonnullae
997 358 1032 403 ex
1054 338 1093 402 iis
1116 338 1279 422 gentibus,
1309 336 1480 401 rebellis

191 443 340 527 sequutae
363 441 469 507 Photii
491 441 633 527 vestigia,
658 461 674 506 e
697 442 837 507 materno
859 441 1018 525 complexu
1040 442 1234 507 recesserunt
1253 440 1478 505 Catholicae

191 546 346 613 Ecclesiae
368 546 485 612 trustra
507 546 639 623 retinere
664 547 821 624 abeuntes,
845 547 877 611 et
892 546 997 611 devios
1012 563 1156 638 revocare
1171 546 1324 622 conantis,
1356 545 1476 627 quasi

191 651 336 735 palmites
359 670 375 715 e
398 650 461 717 vite
484 650 611 716 abscissi
634 652 828 730 exaruerunt,
852 652 884 716 et
905 670 922 715 e
944 649 1067 715 florenti
1088 651 1174 715 statu
1194 645 1228 713 in
1244 668 1295 714 eas
1311 668 1473 713 aerum-

191 774 248 821 nas
269 756 457 838 miserosque
481 773 569 820 casus
591 755 752 839 prolapsae
776 756 865 834 sunt,
882 773 965 839 ¹quos
987 754 1051 821 suis
1074 752 1280 819 monumentis
1304 752 1473 817 historia

191 860 368 944 posteritati
390 858 531 925 tradidit.
577 858 678 940 Quare
707 859 823 939 Nobis,
857 859 993 944 plurium
1026 857 1219 923 saeculorum
1246 857 1470 939 experientia

192 964 318 1043 edoctis,
337 962 450 1046 potiori
470 962 538 1046 jure
561 962 636 1029 licet
659 982 711 1029 eas
732 965 841 1047 gentes
864 962 1047 1046 compellare
1070 963 1103 1027 et
1125 961 1241 1044 alloqui
1263 961 1302 1025 iis
1321 960 1466 1039 verbis,

191 1067 302 1152 quibus
324 1065 460 1132 Ioannes
483 1065 572 1132 VIII.
595 1066 742 1133 Decessor
765 1068 891 1146 Noster,
912 1066 1001 1149 quasi
1022 1085 1126 1131 rerum
1145 1065 1322 1130 futurarum
1345 1085 1465 1148 prae·

192 1164 292 1249 scius,
326 1188 379 1235 eas
413 1168 454 1234 ad
488 1168 642 1236 unitatem
675 1171 862 1236 catholicam
892 1188 1035 1236 revocare
1059 1170 1274 1237 contendebat.
1321 1169 1463 1233 Aiebat

192 1273 291 1341 euim:
312 1265 489 1341 Remtrttsca'
510 1274 626 1341 debetis
648 1280 766 1357 quantu
791 1275 912 1340 eosdem
929 1275 1186 1355 praedecessores
1207 1265 1324 1339 vestros
1342 1293 1461 1355 pros-

188 1398 268 1460 pero
298 1378 526 1445 evidentisse‘me
556 1377 793 1456 comitabantur,
825 1378 949 1460 woodo
978 1379 1022 1444 od
1045 1378 1159 1443 limiae
1180 1376 1268 1442 Petri
1289 1376 1459 1458 Apostoli

191 1481 332 1548 caelestis
353 1484 441 1565 rapot
464 1482 616 1565 otooiperc
637 1482 743 1548 devoto
760 1487 885 1563 pectore
907 1482 999 1564 quasi
1007 1482 1138 1563 proprii
1150 1480 1215 1562 plia·
1229 1480 1452 1561 cooptoebaot,

191 1582 359 1669 et'pooota
372 1584 570 1667 postmodam
591 1603 675 1650 oona
697 1604 792 1667 eoque
813 1585 973 1650 suste'octe‘e
993 1583 1137 1662 odoerso,
1162 1604 1232 1649 mm
1246 1584 1286 1649 ab
1302 1604 1343 1648 eo
1359 1585 1454 1650 sede

191 1690 218 1756 b.
241 1689 329 1755 Part
347 1708 400 1755 uos
418 1690 513 1771 quusi
533 1688 653 1755 alienos
674 1708 827 1771 separare
848 1688 1101 1755 nowdobo'tostts
1111 1688 1147 1773 ¹).

294 1800 399 1866 Variis
432 1800 516 1865 hisee
545 1819 647 1865 rerum
676 1800 797 1866 vicibus
824 1800 944 1866 obnoxii
975 1801 1071 1896 etiam
1104 1801 1189 1867 luere
1223 1801 1346 1886 populi,
1386 1802 1448 1885 qui

192 1904 325 1971 Bosniae
346 1905 377 1969 et
398 1904 628 1987 Herzegoviuae
651 1906 809 1989 regiones,
841 1905 977 1988 adquae
1000 1904 1090 1970 modo
1114 1906 1321 1998 convertimus
1346 1924 1446 1970 ouras

191 2008 341 2086 Nostras,
373 2006 537 2073 incoluere.
583 2007 763 2073 Provinciae
791 2010 872 2073 enim
899 2008 979 2074 istae
1003 2008 1315 2093 variisPrincipibus
1338 2008 1444 2075 finiti-

191 2130 312 2177 marum
335 2112 477 2197 gentium
492 2115 584 2195 prout
598 2114 725 2197 quisque
744 2113 862 2179 viribus
877 2113 979 2198 magis
994 2114 1141 2196 pollebat,
1163 2114 1441 2197 obtemperarunt;

191 2214 281 2281 modo
304 2214 342 2280 ab
364 2214 404 2281 iis
426 2215 480 2299 qui
502 2214 626 2282 Serbiae
650 2217 698 2282 vel
721 2216 862 2283 croatiae
883 2218 1063 2300 praeerant,
1096 2216 1186 2282 modo
1217 2217 1256 2281 ab
1280 2217 1350 2282 aliis
1376 2218 1438 2281 do·

192 2317 395 2385 minatoribus
418 2320 573 2387 subactae.
620 2320 703 2387 Hinc
725 2321 793 2386 fieri
816 2340 876 2386 non
898 2322 1013 2404 potuit,
1044 2321 1081 2385 ut
1111 2340 1129 2385 a
1152 2320 1274 2385 funesta
1297 2340 1438 2386 errorum

191 2422 258 2504 lue,
293 2442 371 2506 quae
405 2424 487 2489 circa
518 2424 589 2489 illas
612 2425 772 2517 serpebat,
806 2426 961 2490 immunes
982 2425 1155 2490 evaderent.
1201 2425 1304 2506 Quum
1328 2425 1436 2489 autem

191 2527 519 2595 saeculo-duodecimo
546 2529 579 2593 in
611 2531 797 2613 potestatem
829 2550 937 2614 regum
967 2530 1164 2613 Huogariae,
1200 2529 1288 2613 regni
1319 2529 1435 2592 Romae

192 2632 313 2699 nomine
334 2632 492 2715 suscepto,
529 2631 732 2709 devenerunt,
767 2634 807 2698 ad
839 2632 996 2699 Ecclesiae
1016 2632 1262 2697 communionem
1286 2650 1432 2709 reversae,

191 2734 329 2801 florentis
351 2735 450 2799 denuo
472 2735 631 2819 religionis
654 2737 806 2802 fructibus
829 2756 902 2802 usae
924 2739 1006 2801 sunt.
1042 2737 1101 2800 Ast
1123 2755 1160 2801 ea
1183 2756 1231 2800 res
1250 2736 1333 2801 laeta
1346 2736 1432 2813 lieet,

192 2840 297 2909 tamen
320 2836 466 2902 diuturna
488 2857 546 2903 uon
570 2839 648 2907 luit:
672 2840 786 2905 etenim
808 2860 867 2905 nou
891 2840 989 2904 multo
1012 2840 1082 2923 post
1104 2826 1248 2904 evicinis
1269 2838 1430 2922 Bulgariae

184 2940 304 3027 ¹finibus
327 2941 390 3005 alia
412 2942 495 3007 mala
517 2942 601 3008 labes
623 2942 655 3007 in
679 2962 730 3008 eas
757 2943 883 3026 irrepsit
911 2944 1035 3027 lateque
1069 2944 1213 3027 grassata
1243 2944 1307 3020 est,
1340 2941 1429 3024 priori
1523 2958 1525 2967 ·

191 3044 283 3128 longe
306 3044 498 3127 pestilentior
521 3066 556 3111 ao
571 3048 695 3139 foedior,
719 3067 754 3112 er
771 3048 908 3131 antiquie
924 3048 1176 3112 Manichaeorum
1190 3046 1342 3111 erroribus
1353 3047 1424 3123 orta,

192 3167 270 3232 quae
300 3149 522 3214 Patareuorum
558 3154 660 3217 sectae
691 3170 800 3217 nomen
822 3151 947 3217 indidit.
993 3152 1038 3215 nx
1060 3152 1118 3217 hac
1140 3151 1245 3215 autem
1265 3148 1348 3213 tristi
1367 3147 1423 3211 eol·
1523 3194 1525 3200 ,

179 3251 292 3332 luvie,
317 3272 394 3336 quae
417 3273 470 3337 per
492 3255 554 3321 tria
576 3255 639 3321 lere
661 3256 786 3320 saecula
807 3257 950 3340 regiones
972 3256 1044 3320 illas
1064 3255 1218 3333 foedavit,
1245 3253 1376 3337 plurima
1394 3253 1423 3315 et
1523 3328 1525 3333 ,

193 3357 320 3422 exitiosa
342 3356 455 3423 damna
483 3356 515 3421 i'n
547 3377 651 3424 eorum
681 3359 862 3443 populorum
896 3360 989 3424 fidem
1024 3379 1184 3442 moresque
1212 3357 1423 3425 redundarunt.

193 3460 404 3525 Nihilominus
426 3460 458 3524 in
481 3480 517 3525 ea
539 3462 719 3528 calamitate
741 3464 915 3545 temporum
945 3464 1119 3528 luculenter
1148 3462 1255 3527 inituit
1283 3463 1425 3526 Romano·

193 3583 262 3627 rum
292 3563 478 3628 Pontificum
512 3566 596 3631 zelus
630 3568 661 3631 et
691 3568 820 3649 paterna
851 3567 1027 3632 sollicitudo
1048 3586 1082 3632 eo
1105 3566 1283 3631 constanter
1303 3565 1423 3641 inbuta,

193 3669 229 3732 ut
252 3686 286 3732 ex
309 3686 384 3751 agro
406 3667 530 3732 Domini
553 3668 669 3734 zizania
691 3670 847 3746 evelleret,
871 3670 1057 3735 christianae
1077 3670 1149 3734 fidei
1173 3670 1314 3753 germina
1331 3668 1423 3733 tuere·
1523 3669 1525 3682 '

193 3774 245 3838 tur
269 3790 304 3837 ao
327 3772 432 3850 aleret,
454 3774 546 3855 atque
568 3773 613 3838 ita
635 3774 769 3839 sincerae
791 3774 918 3857 pietatis
934 3774 1052 3839 cultum
1068 3774 1265 3839 instauraret.
1292 3773 1424 3853 Namque

194 3877 229 3941 ut
252 3876 328 3940 alios
351 3875 460 3941 missos
482 3876 642 3956 faciamus,
666 3878 861 3961 praecipuum
885 3897 921 3941 ac
943 3878 1222 3960 praeclarissimam
1244 3877 1360 3959 partem
1376 3893 1423 3939 su·

194 3978 291 4061 premi
322 3978 486 4043 ministerii
515 3981 563 4044 sui
590 3980 620 4045 in
643 4000 712 4045 eam
736 4001 802 4045 rem
822 3982 1020 4046 contulerunt
1043 3982 1241 4047 Innocentius
1264 3980 1338 4063 llI.,
1364 3978 1422 4043 Ho-

194 4082 275 4146 noris
288 4082 358 4161 Ill.,
374 4081 542 4165 Gregorius
554 4084 620 4162 IX,
638 4084 834 4149 Innocentius
846 4084 910 4160 IV,
928 4084 1074 4149 Nicolaus
1092 4084 1154 4163 IV,
1173 4084 1308 4150 Ioannes
1320 4080 1420 4159 XXII,

195 4186 381 4251 Benedictus
405 4187 494 4265 XII.,
523 4188 663 4253 Urbanus
689 4190 741 4267 V.,
766 4188 932 4273 Gregorius
956 4189 1030 4268 XL,
1055 4188 1212 4273 augerius
1236 4187 1290 4251 lV.
1314 4204 1347 4250 ao
1366 4185 1417 4249 Ni·

300 4404 324 4471 l)
343 4402 427 4470 Epist.
448 4402 615 4458 CCXXXIV.
633 4403 667 4457 ad
686 4404 773 4458 alerio.
795 4404 908 4458 Salonit.
