3109 4859
257 139 371 195 necnon
389 139 475 195 XIII.
493 144 589 195 coust.
606 140 643 195 dc
663 144 803 195 controv.
822 141 879 194 int.
897 141 988 209 cntra
1007 145 1036 195 ct
1054 109 1124 211 rep.¹
1136 137 1276 211 Arapla'cc.
1329 113 1393 187 227

152 294 309 379 solemniis
331 330 412 395 quae
431 310 621 396 praescripta
643 313 716 377 sunt
747 312 787 377 ab
818 312 992 378 Alexandro
1014 312 1074 377 Ill.
1089 312 1114 396 1)
1149 312 1182 377 et
1209 331 1228 376 a
1257 311 1392 379 Concilio

118 438 120 441 ·
154 415 335 481 Tridentino
345 418 378 497 ²).
425 415 496 480 Alia
518 434 589 481 vero
610 416 677 481 erat
698 416 918 499 Episcoporum
942 414 1089 499 opinatio.

238 574 239 577 ,
257 520 401 584 Proiecto
423 518 449 583 si
473 518 582 599 divisio
603 520 660 584 fiat
681 518 842 602 paroeciae
865 518 929 599 reri
951 519 1099 596 nominis,
1131 520 1195 584 sive
1218 517 1392 601 antiquitus

133 621 311 699 conditae,
333 623 398 688 sire
420 624 589 689 recentiore
612 621 758 687 memoria
777 623 848 707 juro
869 623 1075 701 constitutae,
1106 620 1311 687 dubitandum
1332 640 1392 687 non

153 727 203 795 est
231 725 305 808 quin
335 726 423 789 nolas
452 726 495 793 sit
529 726 677 810 Episcopo
707 745 857 792 canonum
886 726 1077 809 praescripta
1098 727 1300 792 contcmnero.
1347 723 1391 790 At

155 828 352 894 Britannicae
392 828 552 893 missiones
587 830 758 912 generatim
802 828 843 893 in
871 830 1030 911 paroecias
1063 829 1103 894 ad
1133 829 1214 913 juris
1248 827 1392 895 tramites

153 940 270 997 erectae
294 951 352 997 non
375 936 464 1026 suut:
496 932 609 998 idcirco
643 950 764 997 sacrum
799 933 968 999 Consilium
992 933 1163 999 christiano
1183 932 1300 997 nomini
1321 950 1391 1016 pro·

153 1036 294 1119 pagando
316 1055 395 1123 anno
420 1036 504 1101 1864
536 1036 672 1101 ollicium
699 1036 872 1119 applicandi
896 1036 1023 1102 missam
1046 1055 1099 1121 pro
1121 1036 1232 1120 populo
1254 1037 1295 1101 ad
1317 1035 1392 1119 Epi·

154 1158 280 1223 scopum
302 1122 456 1223 pertinere
479 1141 617 1219 censuit,
647 1142 809 1223 propterea
831 1141 913 1224 quod
934 1141 1119 1207 dioecesium
1140 1140 1391 1206 Britannicarum

151 1262 212 1307 non
234 1261 270 1308 ea
292 1244 333 1307 sit
354 1244 544 1322 constitutio,
572 1244 609 1307 ut
630 1244 662 1307 in
681 1262 772 1309 ‚veras
790 1234 951 1326 paroecias
973 1244 1141 1328 dispositae
1163 1244 1238 1309 sint.
1282 1243 1391 1326 Itaque

153 1348 192 1412 ad
214 1346 397 1413 divisionem
419 1347 573 1411 missionis
595 1346 745 1429 simplicis
769 1366 805 1411 ea
822 1347 902 1430 juris
924 1347 1073 1413 solemnia
1095 1348 1310 1413 transterenda
1331 1366 1391 1413 non

151 1453 234 1531 sunt,
257 1472 335 1536 quae
359 1470 451 1534 super
470 1451 743 1539 dismembratione
766 1452 977 1534 paroeciarum
998 1451 1125 1517 bierunt
1147 1450 1332 1517 constituta:
1355 1469 1391 1517 eo

152 1556 200 1620 vel
223 1556 323 1640 magis
346 1554 425 1638 quod
455 1558 579 1638 propter
610 1555 791 1621 missionum
823 1555 954 1621 indolem
989 1558 1023 1621 et
1053 1555 1223 1640 peculiares
1257 1555 1391 1619 circum·

151 1660 302 1736 startias,
336 1677 461 1724 numeru
492 1659 595 1742 plures
622 1676 658 1723 ac
680 1660 810 1725 leviores
832 1679 943 1726 causae
966 1662 1086 1745 possint
1106 1679 1282 1739 occurrere,
1312 1678 1390 1743 quae

150 1762 484 1856 istarumkdivisionem
506 1761 671 1840 suadeant,
702 1782 796 1846 quam
827 1782 905 1847 quae
929 1764 999 1849 jure
1021 1765 1167 1831 delinitae
1190 1765 1254 1830 sint
1275 1765 1312 1829 ut
1333 1763 1390 1852 liat

151 1865 362 1949 paroeciarum
386 1866 505 1932 divisio.
538 1867 623 1931 Neve
646 1868 714 1951 quis
737 1870 848 1952 urgeat
873 1869 1109 1942 similitudinem
1132 1888 1225 1953 quam
1241 1871 1390 1950 utraeque

151 1970 233 2035 inter
256 1988 288 2035 se
311 1956 444 2049 habent;
479 1989 549 2035 cum
583 1971 663 2035 enim
691 1971 842 2056 obligatio
865 1973 1008 2039 servandi
1030 1972 1179 2039 solemnia
1195 1972 1275 2056 juris
1297 1971 1391 2037 liber·

150 2074 248 2137 tatem
271 2074 384 2158 agendi
407 2076 563 2153 coerceat,
596 2074 635 2139 ad
658 2074 774 2141 similes
797 2094 908 2141 causas
931 2097 990 2143 non
1013 2079 1060 2143 est
1080 2077 1295 2161 pertrahenda.
1340 2074 1389 2141 Si·

150 2176 287 2241 lentibus
306 2177 413 2261 itaque
436 2178 496 2243 bac
517 2196 607 2261 super
629 2198 661 2243 re
684 2180 880 2263 generalibus
907 2180 1063 2247 Ecclesiae
1093 2180 1234 2265 legibus,
1267 2198 1390 2245 necesse

152 2281 200 2343 est
232 2281 268 2343 ut
300 2279 430 2345 (lencilii
463 2280 665 2347 Prouincialis
700 2282 1039 2349 westmonasteriensis
1072 2284 1175 2350 ualeat
1208 2283 1388 2363 auctoritas,

151 2382 247 2467 cujus
261 2382 319 2448 hoc
339 2383 494 2449 decretum
517 2386 580 2449 est:
616 2386 705 2450 »Non
735 2385 878 2450 obstante
903 2387 1031 2452 rectoris
1052 2386 1240 2452 missionarii
1260 2386 1391 2468 deputa-

153 2486 271 2563 stione',
298 2486 406 2551 licebit
428 2488 576 2572 Episcopo
598 2488 636 2553 de
658 2488 786 2554 consilio
808 2488 961 2572 Capituli,
987 2491 1072 2555 intra
1092 2490 1212 2578 limites
1235 2488 1390 2555 missionis

152 2590 221 2655 »cui
241 2592 450 2673 praeponitur,
473 2610 566 2656 novas
590 2592 742 2657 Ecclesias
765 2593 894 2659 condere
916 2613 952 2660 ac
974 2593 1146 2679 portionem
1169 2586 1338 2659 districtus
1350 2590 1390 2656 iis
1470 2585 1472 2589 ’

152 2694 357 2773 »attribuere
391 2694 418 2761 si
452 2696 619 2761 necessitas
654 2698 710 2762 aut
742 2696 864 2763 utilitas
898 2698 1004 2782 populi
1034 2698 1135 2764 tidelis
1160 2697 1194 2763 id
1220 2696 1387 2781 requirat«

150 2796 235 2877 Quae
269 2816 338 2861 cum
373 2798 436 2863 sint
469 2798 531 2877 ita,
567 2799 605 2864 ad
639 2801 827 2885 propositam
861 2802 1126 2868 consultationem
1153 2801 1388 2885 respondemus:

149 2899 242 2965 licere
263 2900 422 2983 Episcopis
444 2902 603 2969 missiones
626 2903 772 2983 dividere,
794 2908 917 2971 serrata
939 2906 1038 2971 torma
1052 2906 1154 2972 sancti
1170 2904 1302 2973 Consilii
1318 2902 1387 2969 'Eri-
1476 2947 1477 2954 κ

150 3003 323 3087 cortinis),
354 3004 454 3089 quoad
483 3005 643 3072 missiones
665 3026 743 3091 quae
767 3010 840 3074 suut
862 3028 932 3075 sero
955 3010 1136 3094 proprieque
1156 3010 1258 3075 dictae
1281 3026 1389 3091 paroe-
1484 3031 1486 3035 ·

28 3164 35 3176 .
148 3108 232 3185 cise;
263 3108 345 3191 quod
368 3108 614 3193 conquassare,
646 3112 684 3175 ad
715 3113 849 3178 formam
869 3112 985 3197 Synodi
1009 3115 1037 3179 l.
1062 3112 1265 3179 Prouincialis
1283 3111 1390 3180 west-

47 3204 54 3218 *
149 3212 398 3279 montistenensis
407 3212 442 3298 4).
488 3212 554 3293 Quo
576 3214 687 3279 melius
710 3216 816 3279 autem
839 3215 998 3295 missioni,
1028 3235 1113 3300 quae
1141 3214 1306 3280 dividenda
1330 3214 1389 3303 sit,

149 3318 274 3401 ejusque
297 3316 489 3383 administris
511 3317 727 3400 prospiciatur,
744 3319 886 3399 volumus
900 3339 937 3384 ac
952 3319 1168 3403 praecipimus,
1184 3317 1389 3385 absentantis

148 3440 267 3505 quoquo
289 3422 417 3487 rectoris
440 3420 636 3503 exquiratur,
664 3421 742 3505 quod
762 3421 829 3506 jam
851 3424 1025 3507 accepimus
1046 3423 1247 3489 laudabiliter
1267 3441 1335 3488 esse
1355 3421 1388 3485 iu

149 3543 232 3590 more
259 3524 411 3608 positum:
446 3524 526 3607 quod
554 3524 580 3589 si
612 3544 631 3590 a
658 3524 811 3618 religiosis
831 3526 991 3592 sodalibus
1013 3527 1119 3593 missio
1142 3525 1388 3605 administretur,

139 3625 329 3697 ‚Praefectus
349 3626 473 3692 Ordinis
495 3626 657 3706 audiatur;
681 3628 765 3693 salvo
786 3629 856 3713 jure
876 3631 1061 3713 appellandi,
1084 3631 1112 3695 si
1134 3650 1183 3695 res
1203 3629 1389 3713 postulata

148 3732 272 3816 decreto
293 3729 458 3813 episcopali
481 3730 519 3795 ad
542 3729 698 3796 Sanctam
712 3729 823 3797 Sedem
845 3734 880 3798 ic
898 3734 1068 3801 dcoolrrtioo
1091 3734 1226 3798 tantum.

251 3836 383 3901 Peracta
405 3832 568 3913 missionis,
593 3836 642 3900 cui
665 3836 823 3919 regulares
847 3838 995 3921 praesint,
1019 3836 1300 3912 dismembratiouo‚
1323 3833 1386 3899 alia

148 3957 367 4022 nonnunquam
385 3937 525 4022 quaestio
545 3937 719 4003 suboritur:
751 3940 856 4005 utrum
891 3960 1000 4024 nempe
1030 3940 1199 4024 Episcopus
1222 3939 1254 4003 in
1277 3937 1388 4021 praefi·

148 4040 255 4107 ciendo
278 4043 408 4129 flectcre
431 4040 587 4120 missioni,
608 4060 688 4126 quae
711 4045 789 4108 nora
811 4044 958 4129 erigitur,
980 4044 1063 4127 ipsos
1086 4042 1244 4127 religiosos
1267 4040 1388 4109 sodales

252 4212 278 4283 1)
296 4212 361 4283 Cap.
379 4214 413 4271 ad
432 4218 628 4272 audientiam
645 4215 678 4272 de
692 4216 794 4272 Ecclcs.
812 4216 916 4273 aediflc.

251 4299 279 4368 2)
298 4304 366 4355 sess.
384 4300 426 4355 tl.
448 4317 503 4371 cap.
523 4301 548 4357 4.
567 4304 604 4358 dc
621 4304 746 4371 reform.

251 4385 278 4453 3)
295 4384 358 4456 (lap.
377 4387 401 4441 4.
421 4404 485 4443 sess.
504 4387 546 4443 21.
565 4391 602 4444 dc
618 4390 745 4457 reform.

208 4468 213 4473 ’
251 4471 279 4542 4)
299 4473 345 4528 Dc
364 4476 515 4545 regimine
534 4479 814 4547 concrepationem
831 4492 879 4531 sou
897 4480 1093 4535 missionum.
1109 4494 1136 4538 u
1151 4479 1176 4533 5.
