3109 4859
140 31 354 141 Posideum.
376 71 432 139 Fsp.
452 77 480 126 el
502 71 571 142 liep.
590 72 635 126 18.
655 73 724 126 Der.
744 71 820 126 1835
837 74 875 127 de
893 86 977 126 caue.
996 73 1082 125 crim.
1099 36 1296 126 vclericorum.

1 219 357 342 .[-'=-'1⁸h¹”di⁰¹⁰m
381 242 485 308 decem
508 242 703 320 conceditur,
733 262 793 327 quo
823 242 862 308 ad
889 262 913 310 s.
944 241 1222 326 Congregationem
1246 240 1375 324 Episco-

6 339 42 442 -332'
69 349 70 352 ’
137 361 246 432 porum
270 348 302 412 et
324 347 526 431 Regularium
550 347 704 432 appellare
725 346 852 430 possint.

241 458 282 525 ll.
324 459 438 526 Decem
460 459 526 524 dies
545 460 700 525 numerari
723 459 872 542 incipient
894 477 953 524 nou
984 479 1003 523 a
1032 457 1099 536 die,
1134 475 1193 541 quo
1223 455 1379 522 serrantia

1 561 205 654 ,·late
223 563 281 640 est,
304 562 358 627 sed
381 583 399 628 a
422 562 483 642 die,
509 582 569 646 quo
591 581 643 628 rec
665 563 714 628 vel
735 563 804 646 ejus
825 561 977 628 defensori
999 580 1054 645 per
1077 562 1239 628 Cursorem
1261 560 1379 626 denun-

0 681 79 752 ,ree
138 663 222 730 ciete
244 664 314 730 luit.

14 771 84 808 ¹
169 857 171 862 y
242 778 300 844 lll.
335 778 379 842 llo
401 778 539 861 tempore
561 779 667 862 elapso
686 777 760 862 quin
775 798 846 844 reue
863 778 912 844 vel
927 777 994 862 ejus
1009 778 1151 843 defensor
1166 774 1378 860 appellaverit,

138 879 237 946 latum
261 900 280 946 a
302 900 334 946 ee
356 882 542 947 seutentiam
566 882 735 966 Episcopus
758 884 934 966 exequetur.

244 993 297 1058 lv.
328 993 517 1077 Interposita
539 993 622 1059 iutra
645 994 749 1060 decem
766 995 833 1060 diae
848 993 1064 1079 appellatione,
1080 991 1174 1057 (iuria
1189 989 1379 1074 EpiscopaIIe

90 1157 91 1162 ,
139 1099 211 1165 aeta
233 1096 427 1181 autographa
446 1097 543 1164 totius
566 1117 676 1164 causae
700 1099 739 1164 ad
762 1119 787 1165 s.
813 1098 1092 1184 congregationem
1116 1094 1262 1161 contiuuo
1276 1096 1393 1174 trane,

0 1197 18 1282 T*
53 1279 54 1282 Ἴ
101 1237 104 1252 ·
138 1201 241 1281 mitat,
265 1219 392 1283 nempe:

244 1313 272 1381 1.
321 1313 505 1380 Procemum
526 1313 626 1398 ipsum
648 1314 680 1380 in
705 1313 802 1381 Curia
823 1314 1006 1381 conlectum.

1 1417 28 1462 κ’·
107 1475 108 1478 ,
244 1419 273 1484 2.
319 1415 395 1501 Ejus
417 1417 612 1495 restriclmn,
644 1435 698 1483 seu
718 1397 988 1501 ‘compendiariam
1020 1415 1238 1501 expositionem
1264 1430 1378 1492 eorum,

70 1537 91 1584 ἰ
139 1540 218 1606 quae
239 1540 275 1587 au
296 1521 402 1586 eodem
425 1540 568 1605 processu
590 1523 762 1608 emergunt.

243 1624 272 1688 3.
320 1623 517 1689 Defensiones
539 1642 593 1707 pro
615 1644 667 1690 reo
689 1625 851 1691 exhibitas.

243 1728 272 1793 4.
318 1726 458 1810 Denique
480 1726 669 1794 sententiam
691 1729 800 1795 latam.

244 1839 280 1904 V.
315 1839 387 1923 Ipsa
411 1838 503 1904 Curia
523 1860 584 1920 reo,
608 1841 735 1926 ejusque
752 1841 903 1907 defensori
916 1841 1125 1922 denunciabit,
1142 1839 1378 1923 appellationem

65 1953 75 1962 ‘
140 1963 241 2010 coram
262 1942 369 2008 eadem
393 1964 417 2007 s.
443 1943 690 2029 congregatione
711 1945 954 2031 prosequendam
978 1965 1053 2012 esse.

1 2115 24 2150 κ
51 2149 53 2154 ,
222 2043 297 2121 ‘vl
332 2055 366 2120 Si
387 2075 477 2122 nernc
499 2062 692 2142 compareat,
722 2061 780 2124 aut
801 2059 827 2123 ei
851 2058 1070 2142 appellationis
1091 2059 1163 2123 acta
1186 2053 1380 2142 negIIgeuter

0 2156 13 2186 ”
101 2175 103 2180 ’
139 2157 187 2224 vel
221 2158 375 2224 melitinae
409 2163 649 2244 protrahantur,
685 2182 857 2248 congruens
888 2165 1010 2245 tempus
1041 2181 1108 2226 as.
1132 2159 1379 2246 Congregatiene

139 2261 353 2346 praefiniatur,
384 2283 444 2347 quo
463 2265 617 2331 inutiliter
640 2267 761 2352 elapso,
791 2285 886 2332 causa
905 2266 1028 2332 deserta
1051 2266 1228 2344 censeatur,
1258 2265 1290 2328 et
1310 2281 1379 2328 ecu-

139 2365 237 2432 tentiu
260 2365 369 2432 (iuriae
393 2367 583 2454 Episcopalis
606 2371 777 2438 executioni
801 2371 974 2438 mandetur.

10 2539 30 2582 z·
244 2479 315 2544 Vll.
352 2481 424 2561 Reo,
444 2483 499 2547 aut
520 2482 568 2549 illi
589 2464 643 2568 oui
664 2485 731 2570 ejus
753 2483 961 2551 defensionem
981 2482 1126 2565 suscepit,
1149 2479 1317 2579 tradendus
1333 2479 1381 2544 est

46 2581 71 2684 ,ᾗ
140 2586 303 2650 realre'ctue
325 2605 493 2668 processus,
519 2589 571 2672 qui
594 2609 613 2653 a
634 2587 746 2654 JudIce
769 2589 901 2653 relatore
924 2587 1094 2654 corrficitur.
1192 2617 1196 2625 ·

245 2696 332 2763 VIII.
377 2697 592 2795 AllegetIones
624 2719 678 2765 eeu
710 2700 902 2766 defensiones
931 2696 1196 2764 -IImiueutissImis
1233 2693 1380 2759 Patribus

66 2783 68 2786 ⁵
140 2799 369 2867 distribuendas
391 2801 473 2886 typis
496 2821 556 2867 non
578 2803 825 2883 committantur,
850 2802 909 2868 nisi
932 2802 1034 2870 ludex
1056 2802 1171 2867 relator
1182 2795 1379 2881 imprimendi

141 2903 263 2976 veniam
286 2905 413 2975 dederit.

11 3017 57 3030 ‘
244 3018 300 3084 rx.
333 3018 434 3086 aare
463 3019 626 3086 caunum
655 3021 739 3087 sua
763 3020 814 3086 ere
837 3020 876 3085 ae
898 3017 1158 3086 catecumenos
1179 3017 1327 3085 araceus
1349 3017 1382 3084 u

2 3103 36 3158 Ῑ”’
103 3189 105 3192 ,
143 3121 232 3205 pleno
255 3122 417 3189 AuditorIo
439 3124 646 3210 cougregatis.

14 3229 39 3320 ’ζ’
57 3225 85 3330 ’
246 3234 285 3299 Χ.
321 3235 429 3300 Itidem
453 3235 709 3322 congregationis
736 3235 919 3302 Procurator
937 3233 1098 3302 Generalis
1115 3233 1207 3315 Fieri,
1231 3234 1263 3300 et
1281 3232 1383 3301 luder

144 3337 260 3404 relator
285 3338 467 3406 intererunt.

54 3443 60 3458 ’
247 3449 304 3516 XI.
336 3450 437 3518 Juder
458 3451 574 3517 relator
596 3451 633 3516 de
655 3453 722 3518 toto
752 3452 839 3517 stetu
869 3471 978 3518 causae
1011 3449 1050 3515 ad
1084 3449 1384 3516 EmmiucntIssimos

7 3603 69 3628 ,
146 3553 256 3618 Patres
277 3553 381 3633 relert,
404 3555 437 3620 et
458 3555 642 3620 Procurator
664 3554 825 3620 Generalis
848 3555 930 3621 Ituci
950 3553 1050 3622 stabit
1071 3573 1125 3638 pro
1149 3553 1242 3620 Curia
1257 3551 1384 3636 Ilpieco·

3 3653 53 3758 4'
78 3659 103 3724 '.
146 3656 219 3742 pali,
243 3676 374 3742 suasque
397 3658 605 3725 conclusiones
629 3658 816 3742 explanabit.
878 3706 881 3714 -

250 3770 322 3838 XII.
359 3771 432 3836 Post
456 3771 531 3836 haec
550 3770 796 3838 limiueutiesimi
820 3771 929 3838 Patres
946 3770 1101 3855 juditium
1123 3769 1296 3856 proferent,
1313 3785 1383 3834 een·

13 3899 35 3942 a
55 3895 70 3964 ¹,
146 3875 279 3942 tentiam
312 3877 424 3944 Curiae
454 3876 644 3961 Episcopalis
677 3879 733 3944 aut
769 3876 994 3957 confirmando,
1028 3879 1085 3943 aut
1101 3873 1299 3945 ,infirmando
1329 3875 1386 3939 eut

90 3999 97 4078 ]
146 3977 241 4046 etiam
261 3978 463 4046 reformando.

43 4137 54 4160 Ν,
251 4082 338 4150 XIII.
379 4083 505 4150 Prolata
531 4081 691 4150 Sententia
722 4103 786 4150 una
816 4102 888 4150 cum
922 4084 1064 4175 omuibus
1097 4081 1175 4148 actis
1206 4100 1319 4148 causae
1345 4079 1384 4146 ad

72 4213 75 4220 ·
148 4183 289 4262 eamdem
311 4186 435 4254 (iuriam
458 4188 670 4272 lipIscopalem
695 4188 876 4268 remittitur,
903 4191 939 4255 ut
960 4207 1027 4254 eam
1052 4187 1228 4270 exequetur.

63 4283 69 4348 ἑ
251 4294 336 4359 XIV.
371 4295 509 4371 Recisie,
532 4312 586 4358 seu
609 4293 780 4378 recognitio
802 4293 847 4358 rei
865 4292 1025 4377 judicatae
1043 4310 1102 4358 nou
1116 4291 1304 4368 conceditur,
1325 4289 1385 4356 ulei

147 4398 214 4486 ejm
235 4399 418 4466 tribuendae
440 4400 578 4484 potestas
603 4417 622 4464 a
644 4396 819 4466 Sanctitate
848 4395 912 4464 Sua
940 4397 1026 4464 lecta
1055 4395 1169 4475 fuerIt,
1202 4396 1235 4462 at
1265 4394 1388 4461 eubeInt
