3109 4859
145 52 209 117 242
252 71 345 125 neor.
363 70 446 126 xrrr.
469 72 592 140 suaper.
612 73 642 125 α.
664 71 711 125 aa.
729 72 805 128 nor.
824 71 896 125 rear
915 71 953 125 oe
972 77 1091 126 oneror.
1105 73 1169 141 por.
1187 71 1323 142 impera

146 240 328 325 adipiscitur
350 241 535 327 dignitatem
558 244 695 335 humana
717 243 882 327 majorem:
913 262 973 309 nou
995 243 1083 309 illam
1105 244 1229 329 quidem
1252 244 1384 328 impiam

65 418 66 423 ἵ
145 346 178 410 et
200 347 431 429 perabsurdam,
453 348 690 429 imperatoribus
713 348 845 415 ethnicis
868 347 988 413 divinos
1010 348 1140 413 honores
1162 349 1385 414 affectantibus

146 450 290 534 aliqando
309 452 493 535 expetitam,
526 452 580 517 sed
604 466 716 518 seram
751 453 783 516 et
817 451 968 531 solidam,
1001 470 1129 534 eamque
1150 450 1228 516 dono
1248 452 1384 535 quodam

146 555 304 636 acceptam
325 554 532 639 beneficioque
554 556 668 621 divino.
714 556 758 619 lix
792 574 852 637 quo
883 554 1007 621 subesse
1039 553 1121 620 cives
1150 557 1184 620 et
1212 554 1296 621 dicto
1324 575 1383 619 au·

146 656 264 723 dientes
286 676 351 723 esse
365 659 564 742 principibus,
587 661 634 724 uti
648 660 720 735 Deo,
745 658 900 741 oportebit
922 678 983 724 non
999 658 1065 722 tam
1088 677 1253 740 poenarum
1273 659 1385 723 lormi-

146 759 234 840 dine‚
267 780 359 844 quam
386 760 569 827 verecundia
589 760 779 844 majestatis,
810 780 907 845 neque
929 760 1145 826 assentationis
1168 780 1292 841 caussa,
1326 762 1386 827 sed

147 863 333 930 conscientia
354 864 456 929 oflicii.
503 865 569 947 Qua
598 884 631 929 re
659 865 756 930 stabit
782 865 815 930 in
835 884 889 929 suo
912 864 1012 947 gradu
1031 863 1122 949 longe
1145 864 1264 929 firmius
1285 865 1385 930 collo·

146 969 252 1032 catum
271 968 444 1050 imperium.
489 968 613 1033 Etenim
636 968 727 1033 istius
751 968 812 1033 vim
836 968 930 1033 olficii
953 968 1121 1034 sentientes
1143 969 1235 1046 cives,
1259 968 1389 1052 fugiant

147 1091 269 1137 necesse
290 1074 337 1137 est
359 1071 589 1155 improbitatem
614 1074 645 1136 et
668 1072 906 1152 contumaciam,
933 1073 1008 1155 quia
1029 1072 1089 1136 sibi
1115 1090 1294 1155 persuasum
1315 1091 1388 1137 esse

147 1174 246 1253 debet,
271 1175 323 1257 qui
345 1169 488 1259 politicae
503 1177 650 1259 potestati
665 1175 824 1254 resistuirt,
849 1176 904 1241 hos
920 1176 1043 1240 divinae
1053 1176 1206 1241 voluntati
1221 1176 1387 1253 resistere3

146 1279 199 1361 qui
219 1278 366 1344 honorem
388 1282 531 1345 recusant
552 1280 751 1363 principibus,
773 1279 833 1362 ipsi
856 1279 921 1344 Deo
943 1298 1093 1346 recusare.

250 1382 298 1447 Ad
328 1382 408 1447 hanc
439 1382 635 1466 disciplinam
666 1383 782 1449 Paulus
811 1383 977 1465 Apostolus
1012 1383 1165 1448 Romanos
1199 1382 1386 1449 nominatim

147 1486 277 1563 erudiit;
301 1486 339 1550 acl
360 1496 436 1570 quos
459 1486 496 1552 de
519 1485 704 1551 adhibenda'
717 1486 1056 1570 summisprincipibus
1071 1486 1239 1553 reverentis
1257 1486 1385 1569 scripsit

146 1593 326 1655 maiacum
350 1590 586 1657 auctoritateet
608 1591 758 1673 pondere,
793 1593 827 1654 ut
862 1590 941 1655 nibil
975 1591 1099 1675 gravius
1131 1591 1266 1675 praecipi
1295 1609 1387 1674 posse

150 1696 301 1761 rideatur.
349 1694 459 1762 Omnis
485 1698 595 1763 aniraa
609 1698 814 1778 potestatibus
832 1695 1067 1763 sublimioribus
1088 1696 1214 1761 nacta
1234 1695 1293 1760 sit:
1321 1715 1388 1760 nore

147 1808 191 1867 est
212 1803 452 1885 enimpotestas
474 1802 539 1867 nisi
560 1824 581 1867 a
604 1802 688 1868 Deo:
722 1824 804 1885 qaae
831 1808 934 1869 onam
958 1810 1050 1881 soret,
1080 1826 1101 1869 a
1128 1803 1196 1868 Deo
1217 1799 1385 1865 ordinatae

146 1912 228 1971 sant.
273 1905 384 1987 Itaque
415 1906 469 1987 qni
499 1905 621 1971 resistit
644 1908 813 1987 monetati,
850 1905 913 1971 Dei
935 1907 1129 1973 ordinationi
1147 1906 1273 1971 resistit.
1319 1904 1386 1985 Qne'

146 2016 248 2074 antem
269 2010 428 2086 resistant,
451 2008 516 2088 ipsi
537 2010 599 2073 sibi
619 2009 849 2076 damnationem
873 2012 1038 2093 acqaimnt
1060 2059 1068 2075 .
1091 2062 1098 2076 .
1120 2060 1127 2075 .
1151 2009 1227 2074 Ideo
1248 2008 1382 2073 necessi

146 2120 208 2179 tate
229 2113 346 2179 subditi
368 2118 459 2187 estote
479 2132 542 2178 non
562 2114 663 2195 solnm
675 2120 806 2195 propter
827 2116 932 2191 iram,
960 2114 1016 2179 sert
1035 2115 1137 2191 ,ctiam
1156 2116 1288 2194 propter
1309 2130 1382 2175 con·

147 2217 311 2283 scientiam
342 2216 405 2299 (Ad
428 2216 515 2283 Rom.
540 2216 628 2294 Xlll,
656 2220 683 2283 l.
708 2218 737 2283 2.
761 2217 804 2299 5).
849 2218 890 2281 llt
924 2217 1116 2281 consentiens
1150 2216 1197 2281 est
1230 2212 1383 2295 Principis

148 2320 364 2404 Apostolorum
388 2319 476 2385 Petri
504 2320 536 2384 in
566 2320 673 2385 eodem
704 2340 815 2405 genere
849 2321 1008 2405 praeclara
1041 2320 1211 2385 sententia:
1247 2316 1383 2400 subjecti·

148 2432 239 2492 estote
261 2428 346 2491 omni
366 2426 522 2491 inmanem
544 2432 706 2491 creatorae
724 2432 856 2507 propter
878 2425 991 2503 Deam,
1014 2426 1080 2491 siae
1099 2424 1167 2506 rapi
1183 2422 1275 2504 qnasi
1283 2441 1384 2502 proe-

148 2530 275 2609 cellenti,
299 2531 363 2595 sice
385 2528 513 2595 cincidas
535 2535 692 2611 tamqnam
714 2552 736 2594 o
759 2520 826 2595 Deo
848 2530 955 2595 missis
977 2529 1020 2594 ad
1041 2528 1213 2593 vinidictam
1234 2524 1384 2605 malefac-

147 2640 259 2711 toram,
281 2633 406 2698 landem
426 2653 496 2707 ecre
517 2632 676 2710 bonoram,
699 2634 776 2716 arria
797 2636 845 2699 sio
865 2640 911 2699 est
931 2633 1074 2698 colantes
1096 2631 1161 2697 Dei
1184 2628 1213 2713 (l
1236 2630 1318 2694 Petr.
1338 2628 1384 2704 Il,

150 2737 299 2818 rar-15),

251 2840 318 2907 Una
340 2840 396 2905 illa
418 2839 591 2907 hominibus
614 2858 721 2905 caussa
744 2843 793 2907 est
815 2860 873 2919 uon
896 2840 1039 2925 parendi,
1060 2840 1085 2904 si
1109 2839 1184 2923 quid
1206 2838 1305 2903 abiis
1326 2856 1382 2920 po·

148 2944 283 3010 stuletur
311 2944 392 3028 quod
414 2962 481 3009 cum
506 2943 642 3010 naturali
665 2945 720 3009 aut
742 2944 846 3010 divino
866 2944 935 3028 jure
957 2946 1062 3029 aperte
1085 2944 1253 3028 repugnet:
1279 2941 1384 3007 omnia

149 3048 245 3125 euim,
272 3047 436 3132 inquibus
459 3049 586 3114 naturae
609 3044 728 3115 lervel
752 3048 809 3113 Dei
830 3049 973 3113 voluntas
996 3048 1145 3127 violatur,
1167 3065 1272 3130 aeque
1295 3046 1385 3111 nefas

148 3153 194 3217 est
217 3151 420 3233 imperasset
441 3152 549 3217 lacere.
582 3151 615 3217 Si
638 3153 688 3217 cui
710 3152 808 3235 igitur
830 3152 1004 3231 usuveniat,
1027 3154 1063 3216 ut
1086 3152 1272 3217 alterutrum
1289 3149 1385 3215 malle

148 3256 287 3337 cogatur,
309 3255 428 3321 scilicet
450 3256 505 3321 aut
528 3255 586 3320 Dei
607 3258 662 3321 aut
684 3255 856 3339 principum
870 3256 958 3339 jussa
973 3255 1141 3339 negligere,
1164 3253 1243 3320 Jesu
1258 3254 1384 3320 Christo

148 3358 317 3440 parendum
338 3357 530 3425 estreddere
548 3358 671 3442 jubenti
691 3381 769 3443 qaae
791 3365 864 3425 sant
887 3357 1036 3426 Caesaris
1051 3358 1195 3436 Caesari,
1217 3379 1296 3441 qaae
1310 3365 1385 3424 sant

8 3478 16 3505 r
150 3461 214 3527 Dei
241 3460 309 3527 Deo
339 3461 470 3543 (Matth.
492 3462 597 3541 XXII,
621 3464 692 3548 21),
727 3464 827 3547 adque
860 3463 899 3529 ad
930 3462 1135 3546 emromplum
1164 3462 1383 3544 Apostolorum

149 3565 284 3631 animose
303 3564 565 3648 respondendum:
595 3566 863 3665 Obedire'oportet
883 3566 951 3633 Deo
968 3562 1070 3657 magis
1091 3587 1185 3649 onam
1206 3566 1383 3632 bominibus

149 3670 260 3753 (Actor
282 3669 321 3745 V,
344 3667 408 3753 29).
453 3666 561 3751 Neque
580 3670 683 3735 tameo
706 3672 768 3749 est,
804 3691 859 3767 car
890 3670 1040 3755 abjecisse
1060 3668 1294 3748 obedientiam,
1329 3670 1384 3753 qui

19 3786 22 3795 ’
148 3774 195 3839 ita
216 3790 248 3837 se
271 3776 397 3857 gerant,
428 3775 614 3857 arguentur;
647 3773 760 3840 etenim
794 3774 821 3839 si
852 3774 1025 3858 principum
1051 3773 1193 3839 uoluntas
1223 3792 1292 3838 cum
1325 3773 1385 3839 Dei

149 3880 268 3961 pugnat
289 3876 448 3943 voluntate
470 3880 502 3944 et
521 3878 660 3963 legibus,
691 3877 750 3962 ipsi
780 3864 1046 3961 potestatissuae
1073 3876 1198 3943 modurn
1220 3877 1383 3957 excedunt,

145 3981 363 4065 justitiamque
386 3984 579 4065 pervertunt:
609 4002 706 4066 neqrre
729 4002 835 4049 eorum
857 3983 1055 4049 tuncvalere
1077 3984 1179 4066 potest
1199 3981 1381 4059 auctoritas,

150 4104 236 4168 quae,
260 4086 312 4151 ubi
332 4085 457 4170 justitia
480 4106 538 4153 non
561 4096 618 4165 est,
639 4087 724 4151 nulla
746 4089 803 4154 est.

253 4189 295 4253 Ut
322 4191 426 4255 autem
444 4187 567 4274 lustitia
588 4190 759 4283 retineatur
781 4190 813 4255 in
835 4189 977 4274 imperio,
1009 4190 1086 4255 illud
1119 4207 1303 4273 magnopere
1333 4188 1381 4253 in·

38 4322 40 4334 r
149 4294 263 4371 terest,
287 4312 337 4359 eos
359 4294 420 4381 qui
434 4294 576 4360 civitates
598 4295 820 4389 administrant
841 4294 1031 4379 intelligere,
1055 4314 1113 4359 non
1136 4294 1251 4378 privati
1274 4292 1379 4376 cujus·

149 4415 241 4480 quam
264 4397 422 4464 commodo
444 4399 601 4482 politicam
623 4400 806 4482 potestatem
837 4418 903 4465 esse
926 4400 1049 4466 natarm
1076 4399 1381 4483 procurationemque
