<?xml version="1.0" encoding="UTF-8"?>
<!DOCTYPE html PUBLIC "-//W3C//DTD XHTML 1.0 Transitional//EN"
    "http://www.w3.org/TR/xhtml1/DTD/xhtml1-transitional.dtd">
<html xmlns="http://www.w3.org/1999/xhtml" xml:lang="en" lang="en">
 <head>
  <title>
</title>
<meta http-equiv="Content-Type" content="text/html;charset=utf-8" />
  <meta name='ocr-system' content='tesseract 3.04.00' />
  <meta name='ocr-capabilities' content='ocr_page ocr_carea ocr_par ocr_line ocrx_word'/>
</head>
<body>
  <div class='ocr_page' id='page_1' title='image "./archivfrkatholi10unkngoog/archivfrkatholi10unkngoog_0415.png"; bbox 0 0 3109 4859; ppageno 0'>
   <div class='ocr_carea' id='block_1_1' title="bbox 17 58 1482 175">
    <p class='ocr_par' dir='ltr' id='par_1_1' title="bbox 17 58 1482 175">
     <span class='ocr_line' id='line_1_1' title="bbox 17 58 1482 175; baseline -0.001 -18"><span class='ocrx_word' id='word_1_1' title='bbox 17 58 45 101; x_wconf 48' lang='grc' dir='ltr'><em>Η</em></span> <span class='ocrx_word' id='word_1_2' title='bbox 163 102 199 157; x_wconf 91' lang='lat' dir='ltr'><strong>K.</strong></span> <span class='ocrx_word' id='word_1_3' title='bbox 211 103 242 155; x_wconf 74' lang='lat' dir='ltr'><strong>la</strong></span> <span class='ocrx_word' id='word_1_4' title='bbox 255 102 373 168; x_wconf 78' lang='lat' dir='ltr'><strong>Bracae,</strong></span> <span class='ocrx_word' id='word_1_5' title='bbox 389 98 556 172; x_wconf 69' lang='lat' dir='ltr'><strong>deploratae</strong></span> <span class='ocrx_word' id='word_1_6' title='bbox 572 106 627 159; x_wconf 84' lang='lat' dir='ltr'><strong>der</strong></span> <span class='ocrx_word' id='word_1_7' title='bbox 639 119 701 159; x_wconf 82' lang='lat' dir='ltr'><strong>oea</strong></span> <span class='ocrx_word' id='word_1_8' title='bbox 715 105 931 175; x_wconf 76' lang='lat' dir='ltr'><strong>Ungldalrtpec</strong></span> <span class='ocrx_word' id='word_1_9' title='bbox 943 102 1300 170; x_wconf 66' lang='lat' dir='ltr'><strong>capescaleeeeoeaa&#39;te.</strong></span> <span class='ocrx_word' id='word_1_10' title='bbox 1341 83 1404 149; x_wconf 79' lang='lat'><strong>403</strong></span> <span class='ocrx_word' id='word_1_11' title='bbox 1479 75 1482 81; x_wconf 35' lang='lat'><strong><em>¹</em></strong></span> 
     </span>
    </p>
   </div>
   <div class='ocr_carea' id='block_1_2' title="bbox 26 236 1402 360">
    <p class='ocr_par' dir='ltr' id='par_1_2' title="bbox 26 236 1402 371">
     <span class='ocr_line' id='line_1_2' title="bbox 26 236 1402 360; baseline -0.001 -22"><span class='ocrx_word' id='word_1_12' title='bbox 26 236 68 358; x_wconf 47' lang='lat'><strong>,⁴3</strong></span> <span class='ocrx_word' id='word_1_13' title='bbox 162 273 257 339; x_wconf 86' lang='lat' dir='ltr'><strong>tuerit</strong></span> <span class='ocrx_word' id='word_1_14' title='bbox 278 273 308 339; x_wconf 85' lang='lat' dir='ltr'><strong>S.</strong></span> <span class='ocrx_word' id='word_1_15' title='bbox 333 274 484 359; x_wconf 82' lang='lat' dir='ltr'><strong>Ooogrog.</strong></span> <span class='ocrx_word' id='word_1_16' title='bbox 509 275 699 341; x_wconf 88' lang='lat' dir='ltr'><strong>Universalis</strong></span> <span class='ocrx_word' id='word_1_17' title='bbox 730 272 944 360; x_wconf 89' lang='lat' dir='ltr'><strong>Inquisitionis</strong></span> <span class='ocrx_word' id='word_1_18' title='bbox 972 272 1154 356; x_wconf 87' lang='lat' dir='ltr'><strong>respondere</strong></span> <span class='ocrx_word' id='word_1_19' title='bbox 1185 272 1315 355; x_wconf 88' lang='lat' dir='ltr'><strong>dignata</strong></span> <span class='ocrx_word' id='word_1_20' title='bbox 1344 273 1402 349; x_wconf 91' lang='lat' dir='ltr'><strong>est,</strong></span> 
     </span>
    </p>
   </div>
   <div class='ocr_carea' id='block_1_3' title="bbox 13 358 1403 1085">
    <p class='ocr_par' dir='ltr' id='par_1_3' title="bbox 14 358 1403 668">
     <span class='ocr_line' id='line_1_3' title="bbox 58 358 1402 465; baseline -0.001 -22.062"><span class='ocrx_word' id='word_1_21' title='bbox 58 358 63 399; x_wconf 56' lang='lat'><em>³</em></span> <span class='ocrx_word' id='word_1_22' title='bbox 161 397 195 444; x_wconf 91' lang='lat' dir='ltr'><strong>se</strong></span> <span class='ocrx_word' id='word_1_23' title='bbox 217 377 299 443; x_wconf 90' lang='lat' dir='ltr'><strong>hunc</strong></span> <span class='ocrx_word' id='word_1_24' title='bbox 316 397 427 447; x_wconf 80' lang='lat' dir='ltr'><strong>casum</strong></span> <span class='ocrx_word' id='word_1_25' title='bbox 450 380 637 462; x_wconf 83' lang='lat' dir='ltr'>expendisse,</span> <span class='ocrx_word' id='word_1_26' title='bbox 660 382 714 446; x_wconf 89' lang='lat' dir='ltr'><strong>sed</strong></span> <span class='ocrx_word' id='word_1_27' title='bbox 737 382 806 465; x_wconf 91' lang='lat' dir='ltr'><strong>post</strong></span> <span class='ocrx_word' id='word_1_28' title='bbox 825 379 921 445; x_wconf 88' lang='lat' dir='ltr'><strong>serias</strong></span> <span class='ocrx_word' id='word_1_29' title='bbox 940 378 1155 462; x_wconf 70' lang='lat' dir='ltr'><strong>inquisitiones</strong></span> <span class='ocrx_word' id='word_1_30' title='bbox 1173 376 1250 441; x_wconf 86' lang='lat' dir='ltr'><strong>nihil</strong></span> <span class='ocrx_word' id='word_1_31' title='bbox 1266 375 1402 441; x_wconf 84' lang='lat' dir='ltr'><strong>decisum</strong></span> 
     </span>
     <span class='ocr_line' id='line_1_4' title="bbox 14 464 1400 565; baseline -0.001 -20"><span class='ocrx_word' id='word_1_32' title='bbox 14 464 63 565; x_wconf 15' lang='lat'><strong>&#39;³‘</strong></span> <span class='ocrx_word' id='word_1_33' title='bbox 161 481 273 561; x_wconf 87' lang='lat' dir='ltr'><strong>fuisse,</strong></span> <span class='ocrx_word' id='word_1_34' title='bbox 304 482 336 546; x_wconf 89' lang='lat' dir='ltr'><strong>et</strong></span> <span class='ocrx_word' id='word_1_35' title='bbox 359 481 484 564; x_wconf 86' lang='lat' dir='ltr'><strong>proinde</strong></span> <span class='ocrx_word' id='word_1_36' title='bbox 508 501 574 548; x_wconf 84' lang='lat' dir='ltr'><strong>esse</strong></span> <span class='ocrx_word' id='word_1_37' title='bbox 599 484 748 563; x_wconf 90' lang='lat' dir='ltr'><strong>liberum,</strong></span> <span class='ocrx_word' id='word_1_38' title='bbox 780 503 873 547; x_wconf 90' lang='lat' dir='ltr'><strong>unam</strong></span> <span class='ocrx_word' id='word_1_39' title='bbox 896 483 946 548; x_wconf 85' lang='lat' dir='ltr'><strong>rel</strong></span> <span class='ocrx_word' id='word_1_40' title='bbox 969 482 1100 546; x_wconf 85' lang='lat' dir='ltr'><strong>alteram</strong></span> <span class='ocrx_word' id='word_1_41' title='bbox 1124 480 1308 547; x_wconf 86' lang='lat' dir='ltr'><strong>seutentiam</strong></span> <span class='ocrx_word' id='word_1_42' title='bbox 1332 498 1400 543; x_wconf 90' lang='lat' dir='ltr'><strong>arn·</strong></span> 
     </span>
     <span class='ocr_line' id='line_1_5' title="bbox 14 568 1403 668; baseline -0.004 -13"><span class='ocrx_word' id='word_1_43' title='bbox 14 592 23 655; x_wconf 80' lang='lat'><strong>1·</strong></span> <span class='ocrx_word' id='word_1_44' title='bbox 46 568 63 611; x_wconf 40' lang='grc' dir='ltr'>Ξ</span> <span class='ocrx_word' id='word_1_45' title='bbox 160 583 283 668; x_wconf 74' lang='lat' dir='ltr'><strong>plecti«</strong></span> <span class='ocrx_word' id='word_1_46' title='bbox 308 585 428 651; x_wconf 88' lang='lat' dir='ltr'><strong>scheint</strong></span> <span class='ocrx_word' id='word_1_47' title='bbox 450 585 517 652; x_wconf 89' lang='lat' dir='ltr'><strong>sich</strong></span> <span class='ocrx_word' id='word_1_48' title='bbox 540 603 596 652; x_wconf 88' lang='lat' dir='ltr'><strong>aus</strong></span> <span class='ocrx_word' id='word_1_49' title='bbox 618 587 793 654; x_wconf 88' lang='lat' dir='ltr'><strong>demselben</strong></span> <span class='ocrx_word' id='word_1_50' title='bbox 818 586 943 652; x_wconf 84' lang='lat' dir='ltr'><strong>Gruude</strong></span> <span class='ocrx_word' id='word_1_51' title='bbox 963 586 1017 651; x_wconf 89' lang='lat' dir='ltr'><strong>der</strong></span> <span class='ocrx_word' id='word_1_52' title='bbox 1032 584 1257 651; x_wconf 86' lang='lat' dir='ltr'><strong>verneinenden</strong></span> <span class='ocrx_word' id='word_1_53' title='bbox 1270 584 1403 649; x_wconf 84' lang='lat' dir='ltr'><strong>Ansicht</strong></span> 
     </span>
    </p>

    <p class='ocr_par' dir='ltr' id='par_1_4' title="bbox 51 675 1403 775">
     <span class='ocr_line' id='line_1_6' title="bbox 51 675 1403 775; baseline 0 -23"><span class='ocrx_word' id='word_1_54' title='bbox 51 675 59 715; x_wconf 65' lang='lat'><strong>³¹</strong></span> <span class='ocrx_word' id='word_1_55' title='bbox 161 687 381 772; x_wconf 54' lang='lat' dir='ltr'><strong>aucuneigeu„</strong></span> <span class='ocrx_word' id='word_1_56' title='bbox 404 688 553 774; x_wconf 82' lang='lat' dir='ltr'><strong>Dagegen</strong></span> <span class='ocrx_word' id='word_1_57' title='bbox 575 692 651 756; x_wconf 88' lang='lat' dir='ltr'><strong>wird</strong></span> <span class='ocrx_word' id='word_1_58' title='bbox 674 692 722 758; x_wconf 90' lang='lat' dir='ltr'><strong>die</strong></span> <span class='ocrx_word' id='word_1_59' title='bbox 747 693 848 775; x_wconf 76' lang='lat' dir='ltr'><strong>Frage</strong></span> <span class='ocrx_word' id='word_1_60' title='bbox 871 710 930 757; x_wconf 89' lang='lat' dir='ltr'><strong>von</strong></span> <span class='ocrx_word' id='word_1_61' title='bbox 952 688 1137 774; x_wconf 88' lang='lat' dir='ltr'><strong>Perrone1),</strong></span> <span class='ocrx_word' id='word_1_62' title='bbox 1161 686 1296 773; x_wconf 66' lang='lat' dir='ltr'><strong>Eeijell,</strong></span> <span class='ocrx_word' id='word_1_63' title='bbox 1328 688 1403 752; x_wconf 89' lang='lat' dir='ltr'><strong>Bal·</strong></span> 
     </span>
    </p>

    <p class='ocr_par' dir='ltr' id='par_1_5' title="bbox 13 790 1402 1085">
     <span class='ocr_line' id='line_1_7' title="bbox 45 790 1402 878; baseline -0.001 -22"><span class='ocrx_word' id='word_1_64' title='bbox 45 862 47 869; x_wconf 46' lang='lat'><strong>,</strong></span> <span class='ocrx_word' id='word_1_65' title='bbox 160 790 249 855; x_wconf 89' lang='lat' dir='ltr'><strong>lerini</strong></span> <span class='ocrx_word' id='word_1_66' title='bbox 259 790 294 876; x_wconf 72' lang='lat'><strong>⁸),</strong></span> <span class='ocrx_word' id='word_1_67' title='bbox 324 792 512 877; x_wconf 72' lang='lat' dir='ltr'><strong>Palmieri4).</strong></span> <span class='ocrx_word' id='word_1_68' title='bbox 537 794 599 858; x_wconf 88' lang='lat' dir='ltr'><strong>und</strong></span> <span class='ocrx_word' id='word_1_69' title='bbox 623 796 702 861; x_wconf 89' lang='lat' dir='ltr'><strong>uach</strong></span> <span class='ocrx_word' id='word_1_70' title='bbox 724 796 930 878; x_wconf 87' lang='lat' dir='ltr'><strong>Mittheitung</strong></span> <span class='ocrx_word' id='word_1_71' title='bbox 952 794 1006 858; x_wconf 90' lang='lat' dir='ltr'><strong>der</strong></span> <span class='ocrx_word' id='word_1_72' title='bbox 1027 794 1137 859; x_wconf 80' lang='lat' dir='ltr'><strong>beiden</strong></span> <span class='ocrx_word' id='word_1_73' title='bbox 1161 794 1322 858; x_wconf 84' lang='lat' dir='ltr'><strong>Letateren</strong></span> <span class='ocrx_word' id='word_1_74' title='bbox 1345 792 1402 856; x_wconf 87' lang='lat' dir='ltr'><strong>von</strong></span> 
     </span>
     <span class='ocr_line' id='line_1_8' title="bbox 162 894 1402 986; baseline -0.003 -25.411"><span class='ocrx_word' id='word_1_75' title='bbox 162 894 308 960; x_wconf 81' lang='lat' dir='ltr'><strong>Cardinal</strong></span> <span class='ocrx_word' id='word_1_76' title='bbox 331 895 480 979; x_wconf 82' lang='lat' dir='ltr'><strong>Tarquini</strong></span> <span class='ocrx_word' id='word_1_77' title='bbox 502 898 642 963; x_wconf 85' lang='lat' dir='ltr'><strong>in‘einer</strong></span> <span class='ocrx_word' id='word_1_78' title='bbox 662 899 738 962; x_wconf 87' lang='lat' dir='ltr'><strong>noch</strong></span> <span class='ocrx_word' id='word_1_79' title='bbox 763 899 924 964; x_wconf 86' lang='lat' dir='ltr'><strong>uoedirten</strong></span> <span class='ocrx_word' id='word_1_80' title='bbox 942 897 1153 986; x_wconf 80' lang='lat' dir='ltr'><strong>Abhandlung</strong></span> <span class='ocrx_word' id='word_1_81' title='bbox 1174 895 1291 979; x_wconf 87' lang='lat' dir='ltr'><strong>bejaht.</strong></span> <span class='ocrx_word' id='word_1_82' title='bbox 1326 894 1402 959; x_wconf 92' lang='lat' dir='ltr'><strong>Per·</strong></span> 
     </span>
     <span class='ocr_line' id='line_1_9' title="bbox 13 985 1401 1085; baseline -0.001 -23"><span class='ocrx_word' id='word_1_83' title='bbox 13 986 50 1029; x_wconf 54' lang='lat'><strong>&#39;&#39;³¹&#39;‘</strong></span> <span class='ocrx_word' id='word_1_84' title='bbox 160 1015 233 1062; x_wconf 91' lang='lat' dir='ltr'><strong>rone</strong></span> <span class='ocrx_word' id='word_1_85' title='bbox 245 998 308 1061; x_wconf 94' lang='lat' dir='ltr'><strong>und</strong></span> <span class='ocrx_word' id='word_1_86' title='bbox 319 998 403 1081; x_wconf 81' lang='lat' dir='ltr'><strong>Eeije</strong></span> <span class='ocrx_word' id='word_1_87' title='bbox 417 999 511 1085; x_wconf 86' lang='lat' dir='ltr'><strong>frigeo</strong></span> <span class='ocrx_word' id='word_1_88' title='bbox 528 1002 606 1066; x_wconf 88' lang='lat' dir='ltr'><strong>noch</strong></span> <span class='ocrx_word' id='word_1_89' title='bbox 621 1001 670 1065; x_wconf 88' lang='lat' dir='ltr'><strong>die</strong></span> <span class='ocrx_word' id='word_1_90' title='bbox 688 985 902 1067; x_wconf 84' lang='lat' dir='ltr'><strong>selbstredend</strong></span> <span class='ocrx_word' id='word_1_91' title='bbox 919 1001 999 1067; x_wconf 87' lang='lat' dir='ltr'><strong>auch</strong></span> <span class='ocrx_word' id='word_1_92' title='bbox 1021 1000 1071 1064; x_wconf 87' lang='lat' dir='ltr'><strong>bei</strong></span> <span class='ocrx_word' id='word_1_93' title='bbox 1093 1000 1148 1064; x_wconf 91' lang='lat' dir='ltr'><strong>der</strong></span> <span class='ocrx_word' id='word_1_94' title='bbox 1173 1018 1231 1064; x_wconf 83' lang='lat' dir='ltr'><strong>uon</strong></span> <span class='ocrx_word' id='word_1_95' title='bbox 1248 998 1401 1062; x_wconf 87' lang='lat' dir='ltr'><strong>Ballerini</strong></span> 
     </span>
    </p>
   </div>
   <div class='ocr_carea' id='block_1_4' title="bbox 161 1100 1402 1190">
    <p class='ocr_par' dir='ltr' id='par_1_6' title="bbox 161 1100 1402 1190">
     <span class='ocr_line' id='line_1_10' title="bbox 161 1100 1402 1190; baseline 0.004 -27"><span class='ocrx_word' id='word_1_96' title='bbox 161 1100 223 1181; x_wconf 83' lang='lat' dir='ltr'><strong>und</strong></span> <span class='ocrx_word' id='word_1_97' title='bbox 248 1100 392 1165; x_wconf 89' lang='lat' dir='ltr'><strong>Palmieri</strong></span> <span class='ocrx_word' id='word_1_98' title='bbox 416 1104 622 1181; x_wconf 87' lang='lat' dir='ltr'><strong>vertreteneu,</strong></span> <span class='ocrx_word' id='word_1_99' title='bbox 643 1105 721 1170; x_wconf 90' lang='lat' dir='ltr'><strong>oben</strong></span> <span class='ocrx_word' id='word_1_100' title='bbox 742 1104 945 1190; x_wconf 89' lang='lat' dir='ltr'><strong>dargelegten</strong></span> <span class='ocrx_word' id='word_1_101' title='bbox 966 1104 1096 1168; x_wconf 83' lang='lat' dir='ltr'><strong>Theorie</strong></span> <span class='ocrx_word' id='word_1_102' title='bbox 1111 1102 1326 1188; x_wconf 84' lang='lat' dir='ltr'><strong>nothuendige</strong></span> <span class='ocrx_word' id='word_1_103' title='bbox 1343 1103 1402 1168; x_wconf 88' lang='lat' dir='ltr'><strong>Be·</strong></span> 
     </span>
    </p>
   </div>
   <div class='ocr_carea' id='block_1_5' title="bbox 11 1198 1402 1722">
    <p class='ocr_par' dir='ltr' id='par_1_7' title="bbox 11 1198 1402 1722">
     <span class='ocr_line' id='line_1_11' title="bbox 16 1198 1402 1291; baseline 0 -22"><span class='ocrx_word' id='word_1_104' title='bbox 16 1198 49 1291; x_wconf 27' lang='lat'><strong>¹³³³</strong></span> <span class='ocrx_word' id='word_1_105' title='bbox 160 1203 360 1288; x_wconf 79' lang='lat' dir='ltr'><strong>sehranknng</strong></span> <span class='ocrx_word' id='word_1_106' title='bbox 390 1205 455 1284; x_wconf 89' lang='lat' dir='ltr'><strong>bei,</strong></span> <span class='ocrx_word' id='word_1_107' title='bbox 492 1207 562 1273; x_wconf 90' lang='lat' dir='ltr'><strong>dass</strong></span> <span class='ocrx_word' id='word_1_108' title='bbox 589 1207 640 1272; x_wconf 90' lang='lat' dir='ltr'><strong>die</strong></span> <span class='ocrx_word' id='word_1_109' title='bbox 662 1207 925 1273; x_wconf 80' lang='lat' dir='ltr'><strong>Annendbarkeit</strong></span> <span class='ocrx_word' id='word_1_110' title='bbox 947 1206 1243 1291; x_wconf 86' lang='lat' dir='ltr'><strong>des,Pririlegiums</strong></span> <span class='ocrx_word' id='word_1_111' title='bbox 1263 1206 1297 1269; x_wconf 91' lang='lat' dir='ltr'><strong>in</strong></span> <span class='ocrx_word' id='word_1_112' title='bbox 1319 1206 1402 1270; x_wconf 88' lang='lat' dir='ltr'><strong>allen</strong></span> 
     </span>
     <span class='ocr_line' id='line_1_12' title="bbox 15 1284 1402 1397; baseline 0.001 -25"><span class='ocrx_word' id='word_1_113' title='bbox 15 1284 47 1397; x_wconf 52' lang='lat'><strong>³³3}</strong></span> <span class='ocrx_word' id='word_1_114' title='bbox 157 1308 248 1391; x_wconf 88' lang='lat' dir='ltr'><strong>jenen</strong></span> <span class='ocrx_word' id='word_1_115' title='bbox 272 1307 379 1372; x_wconf 80' lang='lat' dir='ltr'><strong>Fallen</strong></span> <span class='ocrx_word' id='word_1_116' title='bbox 402 1311 656 1393; x_wconf 88' lang='lat' dir='ltr'><strong>ausgeschlosscn</strong></span> <span class='ocrx_word' id='word_1_117' title='bbox 678 1312 798 1390; x_wconf 88' lang='lat' dir='ltr'><strong>bleibe,</strong></span> <span class='ocrx_word' id='word_1_118' title='bbox 832 1312 864 1376; x_wconf 92' lang='lat' dir='ltr'><strong>in</strong></span> <span class='ocrx_word' id='word_1_119' title='bbox 898 1310 1036 1376; x_wconf 84' lang='lat' dir='ltr'><strong>walchen</strong></span> <span class='ocrx_word' id='word_1_120' title='bbox 1058 1309 1136 1375; x_wconf 88' lang='lat' dir='ltr'><strong>nach</strong></span> <span class='ocrx_word' id='word_1_121' title='bbox 1159 1309 1326 1392; x_wconf 86' lang='lat' dir='ltr'><strong>Massgabe</strong></span> <span class='ocrx_word' id='word_1_122' title='bbox 1348 1308 1402 1373; x_wconf 89' lang='lat' dir='ltr'><strong>der</strong></span> 
     </span>
     <span class='ocr_line' id='line_1_13' title="bbox 29 1409 1401 1499; baseline 0.001 -25"><span class='ocrx_word' id='word_1_123' title='bbox 29 1409 43 1451; x_wconf 82' lang='lat'><strong>:.:</strong></span> <span class='ocrx_word' id='word_1_124' title='bbox 158 1410 304 1477; x_wconf 85' lang='lat' dir='ltr'><strong>frdheren</strong></span> <span class='ocrx_word' id='word_1_125' title='bbox 326 1412 570 1498; x_wconf 82' lang='lat' dir='ltr'><strong>Austdhruogen</strong></span> <span class='ocrx_word' id='word_1_126' title='bbox 598 1415 766 1499; x_wconf 86' lang='lat' dir='ltr'><strong>irgendwie</strong></span> <span class='ocrx_word' id='word_1_127' title='bbox 796 1416 846 1481; x_wconf 90' lang='lat' dir='ltr'><strong>die</strong></span> <span class='ocrx_word' id='word_1_128' title='bbox 874 1414 1056 1480; x_wconf 77' lang='lat' dir='ltr'><strong>Auctoritat</strong></span> <span class='ocrx_word' id='word_1_129' title='bbox 1090 1414 1144 1478; x_wconf 89' lang='lat' dir='ltr'><strong>des</strong></span> <span class='ocrx_word' id='word_1_130' title='bbox 1176 1412 1401 1496; x_wconf 88' lang='lat' dir='ltr'><strong>apostolischen</strong></span> 
     </span>
     <span class='ocr_line' id='line_1_14' title="bbox 26 1512 1402 1607; baseline -0.001 -27"><span class='ocrx_word' id='word_1_131' title='bbox 26 1512 42 1607; x_wconf 51' lang='grc' dir='ltr'><strong><em>ἕ</em></strong></span> <span class='ocrx_word' id='word_1_132' title='bbox 159 1512 285 1580; x_wconf 87' lang='lat' dir='ltr'><strong>Stuhlea</strong></span> <span class='ocrx_word' id='word_1_133' title='bbox 314 1515 417 1580; x_wconf 84' lang='lat' dir='ltr'><strong>wdrde</strong></span> <span class='ocrx_word' id='word_1_134' title='bbox 446 1516 478 1580; x_wconf 91' lang='lat' dir='ltr'><strong>in</strong></span> <span class='ocrx_word' id='word_1_135' title='bbox 501 1517 594 1583; x_wconf 88' lang='lat' dir='ltr'><strong>Mitte</strong></span> <span class='ocrx_word' id='word_1_136' title='bbox 615 1520 718 1591; x_wconf 80' lang='lat' dir='ltr'><strong>,treten</strong></span> <span class='ocrx_word' id='word_1_137' title='bbox 741 1525 874 1584; x_wconf 79' lang='lat' dir='ltr'><strong>missen.</strong></span> <span class='ocrx_word' id='word_1_138' title='bbox 921 1518 1013 1583; x_wconf 89' lang='lat' dir='ltr'><strong>Diese</strong></span> <span class='ocrx_word' id='word_1_139' title='bbox 1035 1516 1186 1599; x_wconf 89' lang='lat' dir='ltr'><strong>Meinung</strong></span> <span class='ocrx_word' id='word_1_140' title='bbox 1208 1515 1330 1581; x_wconf 92' lang='lat' dir='ltr'><strong>scheint</strong></span> <span class='ocrx_word' id='word_1_141' title='bbox 1350 1514 1402 1579; x_wconf 89' lang='lat' dir='ltr'><strong>die</strong></span> 
     </span>
     <span class='ocr_line' id='line_1_15' title="bbox 11 1615 1221 1722; baseline 0.001 -41"><span class='ocrx_word' id='word_1_142' title='bbox 11 1618 39 1722; x_wconf 55' lang='lat' dir='ltr'><strong>Es</strong></span> <span class='ocrx_word' id='word_1_143' title='bbox 159 1615 293 1701; x_wconf 88' lang='lat' dir='ltr'><strong>richtige</strong></span> <span class='ocrx_word' id='word_1_144' title='bbox 316 1637 354 1682; x_wconf 87' lang='lat' dir='ltr'><strong>zu</strong></span> <span class='ocrx_word' id='word_1_145' title='bbox 376 1618 451 1685; x_wconf 84' lang='lat' dir='ltr'><strong>sein.</strong></span> <span class='ocrx_word' id='word_1_146' title='bbox 1215 1631 1221 1640; x_wconf 88' lang='lat'>·</span> 
     </span>
    </p>
   </div>
   <div class='ocr_carea' id='block_1_6' title="bbox 149 1738 1402 3797">
    <p class='ocr_par' dir='ltr' id='par_1_8' title="bbox 149 1738 1402 3797">
     <span class='ocr_line' id='line_1_16' title="bbox 219 1738 1402 1830; baseline 0.002 -27"><span class='ocrx_word' id='word_1_147' title='bbox 219 1826 222 1830; x_wconf 19' lang='grc' dir='ltr'>Ι</span> <span class='ocrx_word' id='word_1_148' title='bbox 262 1738 349 1804; x_wconf 86' lang='lat' dir='ltr'><strong>Naeh</strong></span> <span class='ocrx_word' id='word_1_149' title='bbox 373 1738 427 1805; x_wconf 93' lang='lat' dir='ltr'><strong>der</strong></span> <span class='ocrx_word' id='word_1_150' title='bbox 449 1740 683 1826; x_wconf 87' lang='lat' dir='ltr'><strong>beispielsweise</strong></span> <span class='ocrx_word' id='word_1_151' title='bbox 705 1763 765 1808; x_wconf 88' lang='lat' dir='ltr'><strong>ron</strong></span> <span class='ocrx_word' id='word_1_152' title='bbox 789 1740 957 1828; x_wconf 72' lang='lat' dir='ltr'><strong>Berardi⁶l</strong></span> <span class='ocrx_word' id='word_1_153' title='bbox 985 1740 1188 1825; x_wconf 78' lang='lat' dir='ltr'><strong>dargelegten</strong></span> <span class='ocrx_word' id='word_1_154' title='bbox 1210 1738 1402 1805; x_wconf 85' lang='lat' dir='ltr'><strong>kirohtiehen</strong></span> 
     </span>
     <span class='ocr_line' id='line_1_17' title="bbox 160 1840 1401 1926; baseline 0.002 -21"><span class='ocrx_word' id='word_1_155' title='bbox 160 1840 371 1926; x_wconf 83' lang='lat' dir='ltr'><strong>Ansclraunng</strong></span> <span class='ocrx_word' id='word_1_156' title='bbox 393 1844 538 1924; x_wconf 73' lang='lat' dir='ltr'><strong>repsallere</strong></span> <span class='ocrx_word' id='word_1_157' title='bbox 560 1845 609 1910; x_wconf 91' lang='lat' dir='ltr'><strong>die</strong></span> <span class='ocrx_word' id='word_1_158' title='bbox 632 1846 700 1911; x_wconf 90' lang='lat' dir='ltr'><strong>dem</strong></span> <span class='ocrx_word' id='word_1_159' title='bbox 717 1846 860 1913; x_wconf 75' lang='lat' dir='ltr'><strong>christan</strong></span> <span class='ocrx_word' id='word_1_160' title='bbox 876 1844 1085 1911; x_wconf 87' lang='lat' dir='ltr'><strong>zustehenden</strong></span> <span class='ocrx_word' id='word_1_161' title='bbox 1106 1844 1225 1911; x_wconf 83' lang='lat' dir='ltr'><strong>Rechts</strong></span> <span class='ocrx_word' id='word_1_162' title='bbox 1240 1844 1272 1907; x_wconf 92' lang='lat' dir='ltr'><strong>in</strong></span> <span class='ocrx_word' id='word_1_163' title='bbox 1285 1840 1401 1922; x_wconf 83' lang='lat' dir='ltr'><strong>selcha,</strong></span> 
     </span>
     <span class='ocr_line' id='line_1_18' title="bbox 159 1943 1401 2035; baseline 0.002 -28"><span class='ocrx_word' id='word_1_164' title='bbox 159 1943 209 2009; x_wconf 89' lang='lat' dir='ltr'><strong>die</strong></span> <span class='ocrx_word' id='word_1_165' title='bbox 238 1945 292 2009; x_wconf 85' lang='lat' dir='ltr'><strong>aul</strong></span> <span class='ocrx_word' id='word_1_166' title='bbox 320 1946 541 2015; x_wconf 89' lang='lat' dir='ltr'><strong>unmittelbare</strong></span> <span class='ocrx_word' id='word_1_167' title='bbox 571 1950 723 2035; x_wconf 81' lang='lat' dir='ltr'><strong>gottliche</strong></span> <span class='ocrx_word' id='word_1_168' title='bbox 745 1950 939 2035; x_wconf 82' lang='lat' dir='ltr'><strong>Anordnung</strong></span> <span class='ocrx_word' id='word_1_169' title='bbox 961 1947 1224 2014; x_wconf 85' lang='lat' dir='ltr'><strong>zurdckzulrihren</strong></span> <span class='ocrx_word' id='word_1_170' title='bbox 1247 1945 1316 2011; x_wconf 91' lang='lat' dir='ltr'><strong>sind</strong></span> <span class='ocrx_word' id='word_1_171' title='bbox 1338 1946 1401 2011; x_wconf 90' lang='lat' dir='ltr'><strong>und</strong></span> 
     </span>
     <span class='ocr_line' id='line_1_19' title="bbox 158 2046 1400 2139; baseline 0.004 -29"><span class='ocrx_word' id='word_1_172' title='bbox 158 2046 288 2113; x_wconf 89' lang='lat' dir='ltr'><strong>deshalb</strong></span> <span class='ocrx_word' id='word_1_173' title='bbox 319 2048 403 2115; x_wconf 91' lang='lat' dir='ltr'><strong>einer</strong></span> <span class='ocrx_word' id='word_1_174' title='bbox 433 2052 720 2119; x_wconf 88' lang='lat' dir='ltr'><strong>ausschliesslichen</strong></span> <span class='ocrx_word' id='word_1_175' title='bbox 744 2054 947 2139; x_wconf 88' lang='lat' dir='ltr'><strong>Einwirkung</strong></span> <span class='ocrx_word' id='word_1_176' title='bbox 969 2053 1023 2118; x_wconf 87' lang='lat' dir='ltr'><strong>der</strong></span> <span class='ocrx_word' id='word_1_177' title='bbox 1045 2052 1163 2117; x_wconf 85' lang='lat' dir='ltr'><strong>Kirehe</strong></span> <span class='ocrx_word' id='word_1_178' title='bbox 1185 2047 1273 2116; x_wconf 83' lang='lat' dir='ltr'><strong>nieht</strong></span> <span class='ocrx_word' id='word_1_179' title='bbox 1293 2052 1400 2115; x_wconf 89' lang='lat' dir='ltr'><strong>nuter-</strong></span> 
     </span>
     <span class='ocr_line' id='line_1_20' title="bbox 157 2152 1400 2236; baseline 0.003 -21"><span class='ocrx_word' id='word_1_180' title='bbox 157 2152 285 2230; x_wconf 89' lang='lat' dir='ltr'><strong>steheu,</strong></span> <span class='ocrx_word' id='word_1_181' title='bbox 319 2153 383 2217; x_wconf 90' lang='lat' dir='ltr'><strong>und</strong></span> <span class='ocrx_word' id='word_1_182' title='bbox 406 2155 527 2236; x_wconf 89' lang='lat' dir='ltr'><strong>solche,</strong></span> <span class='ocrx_word' id='word_1_183' title='bbox 562 2156 612 2222; x_wconf 87' lang='lat' dir='ltr'><strong>die</strong></span> <span class='ocrx_word' id='word_1_184' title='bbox 639 2176 698 2221; x_wconf 87' lang='lat' dir='ltr'><strong>nur</strong></span> <span class='ocrx_word' id='word_1_185' title='bbox 722 2156 819 2222; x_wconf 89' lang='lat' dir='ltr'><strong>durch</strong></span> <span class='ocrx_word' id='word_1_186' title='bbox 842 2156 892 2223; x_wconf 88' lang='lat' dir='ltr'><strong>die</strong></span> <span class='ocrx_word' id='word_1_187' title='bbox 914 2158 1056 2222; x_wconf 84' lang='lat' dir='ltr'><strong>Letztere</strong></span> <span class='ocrx_word' id='word_1_188' title='bbox 1077 2153 1249 2221; x_wconf 86' lang='lat' dir='ltr'><strong>vermittelt</strong></span> <span class='ocrx_word' id='word_1_189' title='bbox 1271 2153 1400 2219; x_wconf 84' lang='lat' dir='ltr'><strong>werden.</strong></span> 
     </span>
     <span class='ocr_line' id='line_1_21' title="bbox 161 2254 1400 2347; baseline 0.003 -30"><span class='ocrx_word' id='word_1_190' title='bbox 161 2254 258 2320; x_wconf 73' lang='lat' dir='ltr'><strong>»Sunt</strong></span> <span class='ocrx_word' id='word_1_191' title='bbox 279 2256 313 2320; x_wconf 90' lang='lat' dir='ltr'><strong>in</strong></span> <span class='ocrx_word' id='word_1_192' title='bbox 335 2260 547 2325; x_wconf 88' lang='lat' dir='ltr'><strong>commuuione</strong></span> <span class='ocrx_word' id='word_1_193' title='bbox 571 2278 658 2326; x_wconf 87' lang='lat' dir='ltr'><strong>sacra</strong></span> <span class='ocrx_word' id='word_1_194' title='bbox 681 2260 815 2344; x_wconf 90' lang='lat' dir='ltr'><strong>duplicis</strong></span> <span class='ocrx_word' id='word_1_195' title='bbox 836 2260 959 2347; x_wconf 87' lang='lat' dir='ltr'><strong>generis</strong></span> <span class='ocrx_word' id='word_1_196' title='bbox 978 2260 1060 2344; x_wconf 87' lang='lat' dir='ltr'><strong>jura,</strong></span> <span class='ocrx_word' id='word_1_197' title='bbox 1085 2278 1165 2343; x_wconf 87' lang='lat' dir='ltr'><strong>quae</strong></span> <span class='ocrx_word' id='word_1_198' title='bbox 1186 2276 1247 2322; x_wconf 92' lang='lat' dir='ltr'><strong>nou</strong></span> <span class='ocrx_word' id='word_1_199' title='bbox 1268 2257 1400 2322; x_wconf 75' lang='lat' dir='ltr'><strong>subsunt</strong></span> 
     </span>
     <span class='ocr_line' id='line_1_22' title="bbox 158 2358 1400 2450; baseline 0.002 -28"><span class='ocrx_word' id='word_1_200' title='bbox 158 2358 280 2433; x_wconf 89' lang='lat' dir='ltr'><strong>omniuo</strong></span> <span class='ocrx_word' id='word_1_201' title='bbox 302 2360 527 2448; x_wconf 79' lang='lat' dir='ltr'><strong>ecclesiasticae</strong></span> <span class='ocrx_word' id='word_1_202' title='bbox 551 2363 709 2445; x_wconf 70' lang='lat' dir='ltr'><strong>potestati,</strong></span> <span class='ocrx_word' id='word_1_203' title='bbox 734 2364 787 2429; x_wconf 91' lang='lat' dir='ltr'><strong>sed</strong></span> <span class='ocrx_word' id='word_1_204' title='bbox 811 2363 876 2429; x_wconf 85' lang='lat' dir='ltr'><strong>Deo</strong></span> <span class='ocrx_word' id='word_1_205' title='bbox 898 2364 1104 2441; x_wconf 84' lang='lat' dir='ltr'><strong>reservantur,</strong></span> <span class='ocrx_word' id='word_1_206' title='bbox 1126 2361 1189 2426; x_wconf 84' lang='lat' dir='ltr'><strong>alia</strong></span> <span class='ocrx_word' id='word_1_207' title='bbox 1206 2378 1285 2450; x_wconf 87' lang='lat' dir='ltr'><strong>quae</strong></span> <span class='ocrx_word' id='word_1_208' title='bbox 1301 2379 1320 2425; x_wconf 94' lang='lat' dir='ltr'><strong>a</strong></span> <span class='ocrx_word' id='word_1_209' title='bbox 1335 2360 1400 2426; x_wconf 88' lang='lat' dir='ltr'><strong>Deo</strong></span> 
     </span>
     <span class='ocr_line' id='line_1_23' title="bbox 149 2460 1399 2546; baseline 0.003 -23"><span class='ocrx_word' id='word_1_210' title='bbox 149 2460 336 2527; x_wconf 76' lang='lat' dir='ltr'><strong>‘institutore</strong></span> <span class='ocrx_word' id='word_1_211' title='bbox 359 2463 514 2529; x_wconf 77' lang='lat' dir='ltr'><strong>Ecclesiae</strong></span> <span class='ocrx_word' id='word_1_212' title='bbox 537 2465 633 2532; x_wconf 89' lang='lat' dir='ltr'><strong>libere</strong></span> <span class='ocrx_word' id='word_1_213' title='bbox 656 2465 757 2531; x_wconf 90' lang='lat' dir='ltr'><strong>eidem</strong></span> <span class='ocrx_word' id='word_1_214' title='bbox 780 2467 938 2532; x_wconf 81' lang='lat' dir='ltr'><strong>Ecclesiae</strong></span> <span class='ocrx_word' id='word_1_215' title='bbox 960 2483 1104 2532; x_wconf 90' lang='lat' dir='ltr'><strong>concessa</strong></span> <span class='ocrx_word' id='word_1_216' title='bbox 1125 2465 1199 2529; x_wconf 88' lang='lat' dir='ltr'><strong>sunt</strong></span> <span class='ocrx_word' id='word_1_217' title='bbox 1212 2462 1269 2541; x_wconf 91' lang='lat' dir='ltr'><strong>ita,</strong></span> <span class='ocrx_word' id='word_1_218' title='bbox 1294 2466 1331 2527; x_wconf 87' lang='lat' dir='ltr'><strong>ut</strong></span> <span class='ocrx_word' id='word_1_219' title='bbox 1345 2481 1399 2546; x_wconf 93' lang='lat' dir='ltr'><strong>pro</strong></span> 
     </span>
     <span class='ocr_line' id='line_1_24' title="bbox 157 2565 1399 2653; baseline 0.002 -24"><span class='ocrx_word' id='word_1_220' title='bbox 157 2565 313 2632; x_wconf 81' lang='lat' dir='ltr'><strong>Ecclesiae</strong></span> <span class='ocrx_word' id='word_1_221' title='bbox 346 2565 443 2649; x_wconf 88' lang='lat' dir='ltr'><strong>ipsius</strong></span> <span class='ocrx_word' id='word_1_222' title='bbox 477 2568 605 2634; x_wconf 88' lang='lat' dir='ltr'><strong>arbitrio</strong></span> <span class='ocrx_word' id='word_1_223' title='bbox 640 2569 850 2653; x_wconf 86' lang='lat' dir='ltr'><strong>disponantur.</strong></span> <span class='ocrx_word' id='word_1_224' title='bbox 910 2570 1009 2635; x_wconf 89' lang='lat' dir='ltr'><strong>Primi</strong></span> <span class='ocrx_word' id='word_1_225' title='bbox 1040 2570 1162 2653; x_wconf 87' lang='lat' dir='ltr'><strong>generis</strong></span> <span class='ocrx_word' id='word_1_226' title='bbox 1192 2569 1266 2633; x_wconf 90' lang='lat' dir='ltr'><strong>sunt</strong></span> <span class='ocrx_word' id='word_1_227' title='bbox 1286 2567 1399 2632; x_wconf 90' lang='lat' dir='ltr'><strong>intima</strong></span> 
     </span>
     <span class='ocr_line' id='line_1_25' title="bbox 156 2667 1399 2758; baseline 0.001 -24"><span class='ocrx_word' id='word_1_228' title='bbox 156 2667 331 2751; x_wconf 88' lang='lat' dir='ltr'><strong>conjunctio</strong></span> <span class='ocrx_word' id='word_1_229' title='bbox 353 2670 474 2737; x_wconf 84' lang='lat' dir='ltr'><strong>animae</strong></span> <span class='ocrx_word' id='word_1_230' title='bbox 489 2690 559 2737; x_wconf 89' lang='lat' dir='ltr'><strong>curn</strong></span> <span class='ocrx_word' id='word_1_231' title='bbox 577 2674 650 2754; x_wconf 90' lang='lat' dir='ltr'><strong>Deo,</strong></span> <span class='ocrx_word' id='word_1_232' title='bbox 674 2692 752 2758; x_wconf 90' lang='lat' dir='ltr'><strong>quae</strong></span> <span class='ocrx_word' id='word_1_233' title='bbox 769 2674 806 2739; x_wconf 88' lang='lat' dir='ltr'><strong>lit</strong></span> <span class='ocrx_word' id='word_1_234' title='bbox 829 2693 882 2758; x_wconf 90' lang='lat' dir='ltr'><strong>per</strong></span> <span class='ocrx_word' id='word_1_235' title='bbox 903 2675 1049 2758; x_wconf 88' lang='lat' dir='ltr'><strong>gratiam,</strong></span> <span class='ocrx_word' id='word_1_236' title='bbox 1074 2672 1200 2738; x_wconf 88' lang='lat' dir='ltr'><strong>habitus</strong></span> <span class='ocrx_word' id='word_1_237' title='bbox 1221 2671 1305 2749; x_wconf 88' lang='lat' dir='ltr'><strong>fidei,</strong></span> <span class='ocrx_word' id='word_1_238' title='bbox 1333 2671 1399 2754; x_wconf 94' lang='lat' dir='ltr'><strong>spei</strong></span> 
     </span>
     <span class='ocr_line' id='line_1_26' title="bbox 156 2773 1399 2864; baseline 0.003 -28"><span class='ocrx_word' id='word_1_239' title='bbox 156 2773 188 2836; x_wconf 91' lang='lat' dir='ltr'><strong>et</strong></span> <span class='ocrx_word' id='word_1_240' title='bbox 211 2773 369 2853; x_wconf 86' lang='lat' dir='ltr'><strong>caritatis,</strong></span> <span class='ocrx_word' id='word_1_241' title='bbox 392 2776 562 2843; x_wconf 80' lang='lat' dir='ltr'><strong>character</strong></span> <span class='ocrx_word' id='word_1_242' title='bbox 575 2780 827 2860; x_wconf 87' lang='lat' dir='ltr'><strong>sacramentalis,</strong></span> <span class='ocrx_word' id='word_1_243' title='bbox 858 2778 1085 2864; x_wconf 83' lang='lat' dir='ltr'><strong>praeordinatio</strong></span> <span class='ocrx_word' id='word_1_244' title='bbox 1108 2777 1148 2844; x_wconf 89' lang='lat' dir='ltr'><strong>ad</strong></span> <span class='ocrx_word' id='word_1_245' title='bbox 1171 2779 1330 2842; x_wconf 85' lang='lat' dir='ltr'><strong>aeternam</strong></span> <span class='ocrx_word' id='word_1_246' title='bbox 1353 2774 1399 2840; x_wconf 84' lang='lat' dir='ltr'><strong>vi·</strong></span> 
     </span>
     <span class='ocr_line' id='line_1_27' title="bbox 155 2867 1398 2965; baseline 0.004 -27"><span class='ocrx_word' id='word_1_247' title='bbox 155 2874 231 2952; x_wconf 88' lang='lat' dir='ltr'><strong>tam,</strong></span> <span class='ocrx_word' id='word_1_248' title='bbox 255 2876 286 2941; x_wconf 90' lang='lat' dir='ltr'><strong>et</strong></span> <span class='ocrx_word' id='word_1_249' title='bbox 308 2877 339 2941; x_wconf 89' lang='lat' dir='ltr'><strong>in</strong></span> <span class='ocrx_word' id='word_1_250' title='bbox 363 2878 502 2945; x_wconf 89' lang='lat' dir='ltr'><strong>eamdem</strong></span> <span class='ocrx_word' id='word_1_251' title='bbox 526 2867 683 2947; x_wconf 86' lang='lat' dir='ltr'><strong>aeternam</strong></span> <span class='ocrx_word' id='word_1_252' title='bbox 706 2884 803 2949; x_wconf 85' lang='lat' dir='ltr'><strong>vitam</strong></span> <span class='ocrx_word' id='word_1_253' title='bbox 824 2884 981 2962; x_wconf 89' lang='lat' dir='ltr'><strong>admissio,</strong></span> <span class='ocrx_word' id='word_1_254' title='bbox 1005 2884 1097 2965; x_wconf 86' lang='lat' dir='ltr'><strong>atque</strong></span> <span class='ocrx_word' id='word_1_255' title='bbox 1114 2881 1163 2945; x_wconf 91' lang='lat' dir='ltr'><strong>his</strong></span> <span class='ocrx_word' id='word_1_256' title='bbox 1178 2876 1303 2960; x_wconf 79' lang='lat' dir='ltr'><strong>similia,</strong></span> <span class='ocrx_word' id='word_1_257' title='bbox 1319 2897 1398 2963; x_wconf 90' lang='lat' dir='ltr'><strong>quae</strong></span> 
     </span>
     <span class='ocr_line' id='line_1_28' title="bbox 155 2981 1395 3071; baseline 0.005 -28"><span class='ocrx_word' id='word_1_258' title='bbox 155 2998 230 3045; x_wconf 89' lang='lat' dir='ltr'><strong>saue</strong></span> <span class='ocrx_word' id='word_1_259' title='bbox 253 2999 313 3045; x_wconf 90' lang='lat' dir='ltr'><strong>non</strong></span> <span class='ocrx_word' id='word_1_260' title='bbox 336 2981 398 3047; x_wconf 88' lang='lat' dir='ltr'><strong>alia</strong></span> <span class='ocrx_word' id='word_1_261' title='bbox 422 2984 504 3049; x_wconf 89' lang='lat' dir='ltr'><strong>sicut</strong></span> <span class='ocrx_word' id='word_1_262' title='bbox 526 2984 610 3066; x_wconf 86' lang='lat' dir='ltr'><strong>dari,</strong></span> <span class='ocrx_word' id='word_1_263' title='bbox 638 2986 684 3071; x_wconf 82' lang='lat' dir='ltr'><strong>ita</strong></span> <span class='ocrx_word' id='word_1_264' title='bbox 707 3006 762 3053; x_wconf 90' lang='lat' dir='ltr'><strong>nec</strong></span> <span class='ocrx_word' id='word_1_265' title='bbox 782 2987 852 3053; x_wconf 90' lang='lat' dir='ltr'><strong>tolli</strong></span> <span class='ocrx_word' id='word_1_266' title='bbox 873 2988 1026 3070; x_wconf 88' lang='lat' dir='ltr'><strong>potestate</strong></span> <span class='ocrx_word' id='word_1_267' title='bbox 1048 2986 1194 3069; x_wconf 90' lang='lat' dir='ltr'><strong>possunt,</strong></span> <span class='ocrx_word' id='word_1_268' title='bbox 1226 3004 1320 3066; x_wconf 91' lang='lat' dir='ltr'><strong>quam</strong></span> <span class='ocrx_word' id='word_1_269' title='bbox 1345 2983 1395 3049; x_wconf 91' lang='lat' dir='ltr'><strong>di·</strong></span> 
     </span>
     <span class='ocr_line' id='line_1_29' title="bbox 155 3082 1396 3181; baseline 0.002 -33"><span class='ocrx_word' id='word_1_270' title='bbox 155 3082 227 3149; x_wconf 86' lang='lat' dir='ltr'><strong>vina</strong></span> <span class='ocrx_word' id='word_1_271' title='bbox 249 3136 386 3155; x_wconf 90' lang='lat'><strong>.....</strong></span> <span class='ocrx_word' id='word_1_272' title='bbox 411 3086 543 3154; x_wconf 87' lang='lat' dir='ltr'><strong>Secundi</strong></span> <span class='ocrx_word' id='word_1_273' title='bbox 565 3091 688 3181; x_wconf 83' lang='lat' dir='ltr'><strong>generis</strong></span> <span class='ocrx_word' id='word_1_274' title='bbox 710 3093 785 3157; x_wconf 88' lang='lat' dir='ltr'><strong>sunt</strong></span> <span class='ocrx_word' id='word_1_275' title='bbox 806 3093 931 3157; x_wconf 82' lang='lat' dir='ltr'><strong>externa</strong></span> <span class='ocrx_word' id='word_1_276' title='bbox 953 3091 1128 3157; x_wconf 87' lang='lat' dir='ltr'><strong>commuuio</strong></span> <span class='ocrx_word' id='word_1_277' title='bbox 1148 3087 1341 3165; x_wconf 84' lang='lat' dir='ltr'><strong>Sanctorum,</strong></span> <span class='ocrx_word' id='word_1_278' title='bbox 1364 3087 1396 3151; x_wconf 94' lang='lat' dir='ltr'><strong>in</strong></span> 
     </span>
     <span class='ocr_line' id='line_1_30' title="bbox 155 3187 1397 3278; baseline 0.003 -27"><span class='ocrx_word' id='word_1_279' title='bbox 155 3187 326 3253; x_wconf 85' lang='lat' dir='ltr'><strong>Ecclesiam</strong></span> <span class='ocrx_word' id='word_1_280' title='bbox 349 3190 505 3272; x_wconf 87' lang='lat' dir='ltr'><strong>admissio,</strong></span> <span class='ocrx_word' id='word_1_281' title='bbox 529 3193 669 3277; x_wconf 86' lang='lat' dir='ltr'><strong>publicae</strong></span> <span class='ocrx_word' id='word_1_282' title='bbox 692 3214 796 3278; x_wconf 90' lang='lat' dir='ltr'><strong>preces</strong></span> <span class='ocrx_word' id='word_1_283' title='bbox 812 3214 848 3260; x_wconf 88' lang='lat' dir='ltr'><strong>ac</strong></span> <span class='ocrx_word' id='word_1_284' title='bbox 861 3195 1021 3278; x_wconf 83' lang='lat' dir='ltr'><strong>sutfragia,</strong></span> <span class='ocrx_word' id='word_1_285' title='bbox 1042 3193 1219 3277; x_wconf 87' lang='lat' dir='ltr'><strong>sepulturae</strong></span> <span class='ocrx_word' id='word_1_286' title='bbox 1232 3191 1397 3269; x_wconf 89' lang='lat' dir='ltr'><strong>concessio,</strong></span> 
     </span>
     <span class='ocr_line' id='line_1_31' title="bbox 155 3290 1397 3382; baseline 0.004 -27"><span class='ocrx_word' id='word_1_287' title='bbox 155 3290 352 3374; x_wconf 88' lang='lat' dir='ltr'><strong>participatio</strong></span> <span class='ocrx_word' id='word_1_288' title='bbox 371 3292 601 3376; x_wconf 87' lang='lat' dir='ltr'><strong>beneficiorum,</strong></span> <span class='ocrx_word' id='word_1_289' title='bbox 626 3300 658 3363; x_wconf 88' lang='lat' dir='ltr'><strong>et</strong></span> <span class='ocrx_word' id='word_1_290' title='bbox 681 3297 743 3363; x_wconf 90' lang='lat' dir='ltr'><strong>alia</strong></span> <span class='ocrx_word' id='word_1_291' title='bbox 766 3299 843 3364; x_wconf 89' lang='lat' dir='ltr'><strong>bene</strong></span> <span class='ocrx_word' id='word_1_292' title='bbox 866 3299 985 3377; x_wconf 88' lang='lat' dir='ltr'><strong>multa,</strong></span> <span class='ocrx_word' id='word_1_293' title='bbox 1009 3316 1087 3382; x_wconf 89' lang='lat' dir='ltr'><strong>quac</strong></span> <span class='ocrx_word' id='word_1_294' title='bbox 1110 3314 1183 3362; x_wconf 87' lang='lat' dir='ltr'><strong>sane</strong></span> <span class='ocrx_word' id='word_1_295' title='bbox 1205 3294 1329 3361; x_wconf 86' lang='lat' dir='ltr'><strong>omnino</strong></span> <span class='ocrx_word' id='word_1_296' title='bbox 1348 3313 1397 3360; x_wconf 87' lang='lat' dir='ltr'><strong>re-</strong></span> 
     </span>
     <span class='ocr_line' id='line_1_32' title="bbox 154 3392 1396 3488; baseline 0.006 -32"><span class='ocrx_word' id='word_1_297' title='bbox 154 3392 231 3457; x_wconf 88' lang='lat' dir='ltr'><strong>licta</strong></span> <span class='ocrx_word' id='word_1_298' title='bbox 254 3394 327 3459; x_wconf 88' lang='lat' dir='ltr'><strong>sunt</strong></span> <span class='ocrx_word' id='word_1_299' title='bbox 349 3395 575 3463; x_wconf 86' lang='lat' dir='ltr'><strong>ecclesiasticae</strong></span> <span class='ocrx_word' id='word_1_300' title='bbox 598 3402 774 3483; x_wconf 76' lang='lat' dir='ltr'><strong>potestati«</strong></span> <span class='ocrx_word' id='word_1_301' title='bbox 816 3402 874 3468; x_wconf 86' lang='lat' dir='ltr'><strong>Die</strong></span> <span class='ocrx_word' id='word_1_302' title='bbox 897 3402 1136 3488; x_wconf 87' lang='lat' dir='ltr'><strong>erstgenannteu</strong></span> <span class='ocrx_word' id='word_1_303' title='bbox 1160 3398 1258 3466; x_wconf 79' lang='lat' dir='ltr'><strong>anter</strong></span> <span class='ocrx_word' id='word_1_304' title='bbox 1278 3399 1396 3464; x_wconf 85' lang='lat' dir='ltr'><strong>werden</strong></span> 
     </span>
     <span class='ocr_line' id='line_1_33' title="bbox 155 3496 1397 3589; baseline 0.006 -29"><span class='ocrx_word' id='word_1_305' title='bbox 155 3515 235 3560; x_wconf 80' lang='lat' dir='ltr'><strong>zuar</strong></span> <span class='ocrx_word' id='word_1_306' title='bbox 256 3496 431 3580; x_wconf 90' lang='lat' dir='ltr'><strong>regelreoht</strong></span> <span class='ocrx_word' id='word_1_307' title='bbox 451 3502 646 3589; x_wconf 78' lang='lat' dir='ltr'><strong>elrenmdssig</strong></span> <span class='ocrx_word' id='word_1_308' title='bbox 676 3506 707 3569; x_wconf 92' lang='lat' dir='ltr'><strong>in</strong></span> <span class='ocrx_word' id='word_1_309' title='bbox 738 3506 793 3571; x_wconf 90' lang='lat' dir='ltr'><strong>der</strong></span> <span class='ocrx_word' id='word_1_310' title='bbox 815 3506 931 3571; x_wconf 77' lang='lat' dir='ltr'><strong>Kir&#39;chc</strong></span> <span class='ocrx_word' id='word_1_311' title='bbox 954 3505 1161 3583; x_wconf 81' lang='lat' dir='ltr'><strong>vermittelt,‹</strong></span> <span class='ocrx_word' id='word_1_312' title='bbox 1197 3523 1258 3569; x_wconf 91' lang='lat' dir='ltr'><strong>non</strong></span> <span class='ocrx_word' id='word_1_313' title='bbox 1291 3503 1397 3569; x_wconf 88' lang='lat' dir='ltr'><strong>tamen</strong></span> 
     </span>
     <span class='ocr_line' id='line_1_34' title="bbox 156 3600 1397 3693; baseline 0.006 -29"><span class='ocrx_word' id='word_1_314' title='bbox 156 3600 354 3667; x_wconf 86' lang='lat' dir='ltr'><strong>haecomnia</strong></span> <span class='ocrx_word' id='word_1_315' title='bbox 376 3602 452 3669; x_wconf 88' lang='lat' dir='ltr'><strong>adeo</strong></span> <span class='ocrx_word' id='word_1_316' title='bbox 474 3606 609 3688; x_wconf 86' lang='lat' dir='ltr'><strong>pendent</strong></span> <span class='ocrx_word' id='word_1_317' title='bbox 631 3609 669 3672; x_wconf 88' lang='lat' dir='ltr'><strong>alr</strong></span> <span class='ocrx_word' id='word_1_318' title='bbox 694 3610 903 3676; x_wconf 88' lang='lat' dir='ltr'><strong>ecclesiastica</strong></span> <span class='ocrx_word' id='word_1_319' title='bbox 933 3611 1103 3693; x_wconf 87' lang='lat' dir='ltr'><strong>potestate,</strong></span> <span class='ocrx_word' id='word_1_320' title='bbox 1138 3612 1175 3675; x_wconf 90' lang='lat' dir='ltr'><strong>ut</strong></span> <span class='ocrx_word' id='word_1_321' title='bbox 1204 3627 1324 3691; x_wconf 92' lang='lat' dir='ltr'><strong>semper</strong></span> <span class='ocrx_word' id='word_1_322' title='bbox 1353 3609 1397 3672; x_wconf 90' lang='lat' dir='ltr'><strong>el·</strong></span> 
     </span>
     <span class='ocr_line' id='line_1_35' title="bbox 155 3705 1396 3797; baseline 0.006 -28"><span class='ocrx_word' id='word_1_323' title='bbox 155 3705 253 3770; x_wconf 86' lang='lat' dir='ltr'><strong>lectus</strong></span> <span class='ocrx_word' id='word_1_324' title='bbox 274 3707 422 3787; x_wconf 88' lang='lat' dir='ltr'><strong>sequatur</strong></span> <span class='ocrx_word' id='word_1_325' title='bbox 443 3712 588 3792; x_wconf 89' lang='lat' dir='ltr'><strong>operante</strong></span> <span class='ocrx_word' id='word_1_326' title='bbox 612 3712 758 3793; x_wconf 85' lang='lat' dir='ltr'><strong>Ecclesia,</strong></span> <span class='ocrx_word' id='word_1_327' title='bbox 781 3717 836 3781; x_wconf 89' lang='lat' dir='ltr'><strong>aut</strong></span> <span class='ocrx_word' id='word_1_328' title='bbox 859 3714 998 3781; x_wconf 85' lang='lat' dir='ltr'><strong>Ecclesia</strong></span> <span class='ocrx_word' id='word_1_329' title='bbox 1022 3734 1080 3780; x_wconf 90' lang='lat' dir='ltr'><strong>non</strong></span> <span class='ocrx_word' id='word_1_330' title='bbox 1101 3715 1246 3797; x_wconf 88' lang='lat' dir='ltr'><strong>operante</strong></span> <span class='ocrx_word' id='word_1_331' title='bbox 1268 3712 1396 3777; x_wconf 85' lang='lat' dir='ltr'><strong>effectus</strong></span> 
     </span>
    </p>
   </div>
   <div class='ocr_carea' id='block_1_7' title="bbox 257 3908 1395 4325">
    <p class='ocr_par' dir='ltr' id='par_1_9' title="bbox 258 3908 687 3987">
     <span class='ocr_line' id='line_1_36' title="bbox 258 3908 687 3987; baseline 0.023 -24"><span class='ocrx_word' id='word_1_332' title='bbox 258 3908 285 3978; x_wconf 85' lang='lat'><strong>1)</strong></span> <span class='ocrx_word' id='word_1_333' title='bbox 304 3911 450 3978; x_wconf 85' lang='lat' dir='ltr'><strong>Perrone,</strong></span> <span class='ocrx_word' id='word_1_334' title='bbox 469 3915 487 3969; x_wconf 93' lang='lat' dir='ltr'><strong>l.</strong></span> <span class='ocrx_word' id='word_1_335' title='bbox 505 3932 528 3970; x_wconf 94' lang='lat' dir='ltr'><strong>c.</strong></span> <span class='ocrx_word' id='word_1_336' title='bbox 546 3932 609 3987; x_wconf 85' lang='lat' dir='ltr'><strong>pag.</strong></span> <span class='ocrx_word' id='word_1_337' title='bbox 628 3918 687 3973; x_wconf 82' lang='grc'><strong>324.</strong></span> 
     </span>
    </p>

    <p class='ocr_par' dir='ltr' id='par_1_10' title="bbox 257 3996 758 4075">
     <span class='ocr_line' id='line_1_37' title="bbox 257 3996 758 4075; baseline 0.02 -24"><span class='ocrx_word' id='word_1_338' title='bbox 257 3996 285 4064; x_wconf 76' lang='grc'><strong>2)</strong></span> <span class='ocrx_word' id='word_1_339' title='bbox 304 3998 397 4069; x_wconf 69' lang='lat' dir='ltr'><strong>Fecjy&#39;e,</strong></span> <span class='ocrx_word' id='word_1_340' title='bbox 415 3998 433 4054; x_wconf 90' lang='lat' dir='ltr'><strong>l.</strong></span> <span class='ocrx_word' id='word_1_341' title='bbox 453 4017 474 4055; x_wconf 94' lang='lat' dir='ltr'><strong>c.</strong></span> <span class='ocrx_word' id='word_1_342' title='bbox 494 4018 519 4055; x_wconf 89' lang='lat' dir='ltr'><strong>n.</strong></span> <span class='ocrx_word' id='word_1_343' title='bbox 538 4003 597 4058; x_wconf 81' lang='lat'><strong>502.</strong></span> <span class='ocrx_word' id='word_1_344' title='bbox 615 4022 678 4075; x_wconf 86' lang='lat' dir='ltr'><strong>pag.</strong></span> <span class='ocrx_word' id='word_1_345' title='bbox 698 4006 758 4062; x_wconf 81' lang='grc'><strong>374.</strong></span> 
     </span>
    </p>

    <p class='ocr_par' dir='ltr' id='par_1_11' title="bbox 257 4083 1034 4162">
     <span class='ocr_line' id='line_1_38' title="bbox 257 4083 1034 4162; baseline 0.018 -26"><span class='ocrx_word' id='word_1_346' title='bbox 257 4084 284 4151; x_wconf 81' lang='grc'><strong>3)</strong></span> <span class='ocrx_word' id='word_1_347' title='bbox 304 4083 469 4152; x_wconf 83' lang='lat' dir='ltr'><strong>Ballerr&#39;rra&#39;,</strong></span> <span class='ocrx_word' id='word_1_348' title='bbox 489 4087 507 4141; x_wconf 93' lang='lat' dir='ltr'><strong>l.</strong></span> <span class='ocrx_word' id='word_1_349' title='bbox 525 4106 546 4146; x_wconf 92' lang='lat' dir='ltr'><strong>o.</strong></span> <span class='ocrx_word' id='word_1_350' title='bbox 564 4105 591 4144; x_wconf 93' lang='lat' dir='ltr'><strong>n.</strong></span> <span class='ocrx_word' id='word_1_351' title='bbox 611 4092 669 4146; x_wconf 79' lang='lat'><strong>759.</strong></span> <span class='ocrx_word' id='word_1_352' title='bbox 688 4094 713 4147; x_wconf 88' lang='lat'><strong>3.</strong></span> <span class='ocrx_word' id='word_1_353' title='bbox 731 4109 794 4162; x_wconf 87' lang='lat' dir='ltr'><strong>pag.</strong></span> <span class='ocrx_word' id='word_1_354' title='bbox 812 4093 870 4149; x_wconf 80' lang='grc'><strong>741.</strong></span> <span class='ocrx_word' id='word_1_355' title='bbox 889 4097 987 4149; x_wconf 64' lang='lat' dir='ltr'><strong>notea.</strong></span> <span class='ocrx_word' id='word_1_356' title='bbox 1030 4125 1034 4141; x_wconf 66' lang='grc' dir='ltr'>ι</span> 
     </span>
    </p>

    <p class='ocr_par' dir='ltr' id='par_1_12' title="bbox 257 4167 1032 4250">
     <span class='ocr_line' id='line_1_39' title="bbox 257 4167 1032 4250; baseline 0.019 -28"><span class='ocrx_word' id='word_1_357' title='bbox 257 4167 284 4236; x_wconf 91' lang='grc'><strong>4)</strong></span> <span class='ocrx_word' id='word_1_358' title='bbox 305 4172 464 4240; x_wconf 81' lang='lat' dir='ltr'><strong>Palmterr&#39;,</strong></span> <span class='ocrx_word' id='word_1_359' title='bbox 483 4174 501 4229; x_wconf 94' lang='lat' dir='ltr'><strong>l.</strong></span> <span class='ocrx_word' id='word_1_360' title='bbox 520 4193 542 4230; x_wconf 90' lang='lat' dir='ltr'><strong>c.</strong></span> <span class='ocrx_word' id='word_1_361' title='bbox 561 4176 655 4232; x_wconf 85' lang='lat' dir='ltr'><strong>Thesis</strong></span> <span class='ocrx_word' id='word_1_362' title='bbox 670 4178 784 4235; x_wconf 90' lang='lat' dir='ltr'><strong>XXVII.</strong></span> <span class='ocrx_word' id='word_1_363' title='bbox 804 4197 866 4250; x_wconf 86' lang='lat' dir='ltr'><strong>pag.</strong></span> <span class='ocrx_word' id='word_1_364' title='bbox 884 4181 1032 4237; x_wconf 77' lang='grc'><strong>224-226.</strong></span> 
     </span>
    </p>

    <p class='ocr_par' dir='ltr' id='par_1_13' title="bbox 258 4254 1395 4325">
     <span class='ocr_line' id='line_1_40' title="bbox 258 4254 1395 4325; baseline 0.01 -18"><span class='ocrx_word' id='word_1_365' title='bbox 258 4254 285 4324; x_wconf 86' lang='grc'><strong>5)</strong></span> <span class='ocrx_word' id='word_1_366' title='bbox 306 4256 455 4325; x_wconf 84' lang='lat' dir='ltr'><strong>Berardc&#39;,</strong></span> <span class='ocrx_word' id='word_1_367' title='bbox 484 4260 683 4320; x_wconf 68' lang='lat' dir='ltr'><strong>Commentarios</strong></span> <span class='ocrx_word' id='word_1_368' title='bbox 706 4265 735 4321; x_wconf 90' lang='lat' dir='ltr'><strong>in</strong></span> <span class='ocrx_word' id='word_1_369' title='bbox 759 4267 809 4322; x_wconf 91' lang='lat' dir='ltr'><strong>Jus</strong></span> <span class='ocrx_word' id='word_1_370' title='bbox 833 4267 1049 4323; x_wconf 86' lang='lat' dir='ltr'><strong>Ecclesiastioum</strong></span> <span class='ocrx_word' id='word_1_371' title='bbox 1067 4266 1237 4322; x_wconf 83' lang='lat' dir='ltr'><strong>Universum.</strong></span> <span class='ocrx_word' id='word_1_372' title='bbox 1273 4264 1395 4320; x_wconf 85' lang='lat' dir='ltr'><strong>Venetiis</strong></span> 
     </span>
    </p>
   </div>
   <div class='ocr_carea' id='block_1_8' title="bbox 150 4338 1394 4494">
    <p class='ocr_par' dir='ltr' id='par_1_14' title="bbox 150 4338 1394 4494">
     <span class='ocr_line' id='line_1_41' title="bbox 155 4338 1394 4481; baseline 0.01 -90"><span class='ocrx_word' id='word_1_373' title='bbox 155 4338 331 4481; x_wconf 49' lang='grc' dir='ltr'><strong>1778.16Ἱὲοπι.</strong></span> <span class='ocrx_word' id='word_1_374' title='bbox 350 4342 396 4400; x_wconf 88' lang='lat' dir='ltr'><strong>IV.</strong></span> <span class='ocrx_word' id='word_1_375' title='bbox 421 4346 496 4403; x_wconf 86' lang='lat' dir='ltr'><strong>Part.</strong></span> <span class='ocrx_word' id='word_1_376' title='bbox 515 4349 551 4405; x_wconf 90' lang='lat'><strong>11.</strong></span> <span class='ocrx_word' id='word_1_377' title='bbox 577 4350 684 4421; x_wconf 87' lang='lat' dir='ltr'><strong>Disput.</strong></span> <span class='ocrx_word' id='word_1_378' title='bbox 702 4353 753 4409; x_wconf 88' lang='lat'><strong>111.</strong></span> <span class='ocrx_word' id='word_1_379' title='bbox 778 4352 841 4422; x_wconf 82' lang='lat' dir='ltr'><strong>Cap.</strong></span> <span class='ocrx_word' id='word_1_380' title='bbox 860 4355 882 4409; x_wconf 91' lang='lat'><strong>1.</strong></span> <span class='ocrx_word' id='word_1_381' title='bbox 905 4355 947 4410; x_wconf 92' lang='lat' dir='ltr'><strong>De</strong></span> <span class='ocrx_word' id='word_1_382' title='bbox 964 4353 1097 4409; x_wconf 72' lang='lat' dir='ltr'><strong>censurae</strong></span> <span class='ocrx_word' id='word_1_383' title='bbox 1115 4352 1222 4408; x_wconf 87' lang='lat' dir='ltr'><strong>nomine</strong></span> <span class='ocrx_word' id='word_1_384' title='bbox 1240 4353 1268 4407; x_wconf 91' lang='lat' dir='ltr'><strong>et</strong></span> <span class='ocrx_word' id='word_1_385' title='bbox 1285 4353 1394 4406; x_wconf 85' lang='lat' dir='ltr'><strong>natura.</strong></span> 
     </span>
     <span class='ocr_line' id='line_1_42' title="bbox 150 4440 359 4494; baseline 0.01 -15"><span class='ocrx_word' id='word_1_386' title='bbox 150 4440 215 4494; x_wconf 84' lang='lat' dir='ltr'><strong>pag.</strong></span> <span class='ocrx_word' id='word_1_387' title='bbox 285 4466 292 4481; x_wconf 91' lang='lat'><strong>.</strong></span> <span class='ocrx_word' id='word_1_388' title='bbox 357 4477 359 4481; x_wconf 86' lang='lat'><strong>.</strong></span> 
     </span>
    </p>
   </div>
   <div class='ocr_carea' id='block_1_9' title="bbox 0 0 1560 4859">
    <p class='ocr_par' dir='ltr' id='par_1_15' title="bbox 0 0 1560 4859">
     <span class='ocr_line' id='line_1_43' title="bbox 0 0 1560 4859; baseline 0 2"><span class='ocrx_word' id='word_1_389' title='bbox 0 0 1560 4859; x_wconf 95' lang='lat' dir='ltr'><strong> </strong></span> 
     </span>
    </p>
   </div>
  </div>
 </body>
</html>
