3109 4859
106 37 1361 125 LstwmQMMmmmmmmfflmmfflmmmfflmw4ss

107 228 201 291 haec
222 245 275 310 per
296 226 397 309 regios
421 226 552 309 Legatos
576 226 613 289 ad
638 226 753 309 Regem
775 225 875 309 ipsum
900 223 1002 289 afferri
1024 224 1145 291 curarit
1170 225 1191 311 ).
1220 226 1263 291 At
1277 226 1362 308 dum,

105 329 352 413 impedimentis
375 330 515 394 omnibns
538 330 688 406 sublatis,
722 330 894 412 opportuna
926 328 1058 394 tacultas
1092 328 1166 394 data
1200 328 1363 399 ridebatur

106 432 282 516 religionis
303 432 394 497 rebus
411 435 486 515 apte
509 434 538 497 in
563 432 677 497 Bosnia
700 431 934 511 constituendis,
956 450 1058 496 rorum
1082 431 1283 514 publicarum,
1299 436 1363 499 sta-

108 538 193 615 tus,
223 536 276 619 qui
306 535 336 599 in
367 535 502 601 deterius
523 535 554 601 in
578 555 614 601 ea
636 536 758 619 regione
783 534 919 617 quotidie
942 534 1071 611 ruebat,
1101 534 1309 601 miserandum
1331 538 1362 601 iu

109 640 248 703 modum
271 657 393 704 eversus
416 640 480 714 est;
505 640 597 722 atque
620 639 666 705 ita
688 638 817 703 consilia
839 641 871 703 et
889 656 981 703 curae
996 637 1104 703 irritae
1120 638 1268 718 cecidere,
1287 660 1363 723 quas

110 762 173 825 per
191 742 283 824 plura
293 743 417 807 saecula
434 743 472 807 ad
484 742 705 826 promovendas
717 740 931 807 Bosniensium
943 740 1099 807 utilitates
1110 742 1363 811 Praedeeessores

110 846 230 911 Nostri
252 846 386 911 conterre
410 864 564 927 nunquam
588 844 825 911 intermiserant.

225 958 262 1021 In
286 956 419 1021 maxima
442 957 499 1021 hac
522 956 752 1039 perturbatione
782 974 901 1032 rerum,
933 955 1081 1039 religione
1099 958 1216 1038 pariter
1236 960 1361 1044 ,maguis

113 1059 360 1125 calamitatibus
380 1060 532 1143 perculsa,
565 1059 748 1143 Episcopus,
784 1060 837 1141 qui
870 1077 949 1121 uuus
975 1059 1130 1141 pastorale
1155 1061 1360 1127 ministerium
1467 1060 1471 1065 ’

114 1164 204 1246 apud
230 1164 409 1229 Bosnionses
432 1164 608 1243 exercebat,
632 1162 731 1228 solum
755 1164 874 1227 vertere
897 1163 1031 1241 coaetus,
1055 1162 1210 1230 Diatorae
1232 1166 1263 1231 in
1286 1166 1358 1230 tini-

113 1270 199 1333 tima
223 1267 384 1333 Slarcniae
409 1267 482 1331 urbe
503 1286 589 1331 suam
614 1266 716 1342 sedem
741 1266 911 1333 collocarit.
949 1265 1180 1350 Herzegorinao
1204 1269 1358 1353 gentibus,

113 1372 308 1455 paritorum
334 1370 511 1435 calamitate
535 1369 671 1449 afflictis,
695 1370 842 1453 gravibus
866 1386 985 1451 quoque
1008 1368 1236 1451 impedimentis
1264 1372 1361 1439 inter-

114 1477 227 1559 ceptus
249 1476 310 1541 fuit
332 1494 406 1538 usus
418 1492 522 1539 sacrae
536 1473 700 1556 potestatis
715 1472 858 1555 Episcopi
874 1471 1083 1537 Mercanensis
1096 1473 1127 1537 et
1139 1472 1361 1553 Tribuniensis,

115 1579 209 1663 cujus
231 1578 304 1643 illae
317 1568 439 1661 xinagna
461 1597 497 1641 ex
518 1577 607 1659 parte
628 1576 775 1659 pastorali
798 1574 947 1659 regimine
970 1574 1155 1654 utebantur,
1186 1574 1259 1639 dum
1284 1576 1357 1641 reli·

115 1700 250 1764 quarum
277 1683 411 1765 partium
441 1700 514 1745 cura
544 1680 583 1746 ad
612 1678 760 1745 finitimos
788 1678 964 1744 Dalmatiae
987 1678 1153 1765 Episcopos
1173 1678 1358 1762 pertinebat.

115 1784 198 1850 Cum
220 1786 325 1868 itaque
348 1804 382 1851 eo
403 1804 451 1850 res
472 1784 623 1850 adductae
640 1783 779 1863 fuissent,
804 1784 839 1847 ut
854 1801 979 1874 suornm
996 1782 1158 1847 Pastorum
1170 1781 1357 1864 praesidinm

116 1891 228 1971 gentas
250 1888 323 1955 illae
346 1889 479 1972 amplius
503 1888 631 1972 experiri
655 1906 713 1953 non
736 1888 870 1970 possent,
887 1886 1019 1952 Romani
1033 1885 1199 1950 Pontifices
1210 1906 1245 1952 eo
1257 1887 1359 1953 arrius

115 1990 236 2055 incensi
260 1991 299 2055 ad
322 2010 408 2075 opem
433 1991 601 2071 terendam,
633 2011 693 2075 quo
723 1992 839 2075 majore
869 1990 900 2055 in
926 1987 1231 2055 discrimine'earum
1255 2009 1357 2055 versa·

116 2094 331 2172 bateradus,
360 2095 494 2162 excitato
516 2096 652 2161 virorum
671 2095 908 2177 apostolicorum
936 2094 1014 2171 zelo,
1044 2113 1080 2158 ac
1101 2110 1192 2176 opera
1215 2092 1358 2159 adhibita

118 2214 206 2259 sacra
230 2196 357 2261 Consilii
380 2198 548 2263 christiano
571 2196 685 2262 nomini
707 2195 924 2279 propagando,
948 2195 1069 2261 meliori
1090 2214 1150 2279 qua
1169 2195 1236 2260 fieri
1256 2198 1358 2280 potuit

118 2299 249 2378 ratione,
280 2299 351 2364 fidei
374 2300 466 2364 iniis
490 2300 630 2383 partibus
654 2298 787 2365 tuendae
808 2301 840 2363 et
860 2297 1017 2382 religionis
1037 2297 1230 2364 detrimentis
1253 2300 1357 2365 suble·
1461 2310 1465 2316 ’

119 2402 225 2467 randis
248 2403 475 2469 consuluerunt.
511 2402 579 2483 Qua
601 2402 632 2468 in
656 2422 688 2469 re
710 2401 884 2467 luculenter
906 2401 1019 2467 enituit
1041 2400 1192 2466 sodalium
1213 2402 1355 2469 Francis·

119 2506 231 2571 callum
254 2525 290 2572 er
312 2506 417 2571 ordine
440 2507 552 2571 veteris
567 2506 781 2571 observantiae
796 2505 970 2571 constantia
985 2505 1017 2569 et
1031 2504 1140 2584 virtus,
1163 2504 1216 2587 qui
1231 2524 1354 2589 operam

119 2610 149 2673 in
173 2609 211 2674 iis
234 2609 398 2693 provinciis
422 2609 634 2694 propagationi
656 2609 729 2674 fidei
752 2610 911 2687 navantes,
935 2628 989 2692 pro
1011 2627 1072 2691 qua
1087 2607 1243 2674 interdum
1260 2602 1371 2681 etiarn

120 2713 296 2797 sangninem
322 2712 484 2792 fuderunt,
521 2713 660 2797 pluribus
692 2712 800 2777 relatis
829 2711 941 2777 salutis
971 2710 1138 2791 fructibus,
1172 2711 1296 2795 egregie
1317 2712 1355 2775 de

119 2816 264 2901 religione
287 2818 360 2881 sunt
382 2817 494 2884 meriti.
541 2816 619 2883 Cum
648 2836 737 2899 porro
767 2815 1020 2881 Praedeeessores
1040 2813 1170 2879 Nostros
1192 2832 1252 2880 non
1275 2814 1355 2879 late·

120 2923 186 2985 rent
206 2921 313 3004 gravia
336 2921 450 2987 damna
470 2922 556 3004 queis
579 2921 700 2997 obnoxii
722 2922 795 2985 sunt
818 2920 858 2997 ii,
885 2918 1037 3002 aquibus
1058 2918 1149 3001 longe
1172 2918 1261 2984 abest
1283 2938 1354 3001 pro·

120 3025 235 3090 curatio
257 3026 411 3106 Pastoris,
446 3025 634 3091 auctoritate
669 3026 784 3089 llorum
816 3023 939 3089 decreto
969 3021 1052 3087 edito
1075 3040 1094 3085 a
1115 3039 1201 3086 sacr«)
1221 3020 1354 3086 Consilio

122 3130 332 3212 propagandae
354 3129 425 3195 fidei
451 3129 640 3212 praeposito,
668 3147 746 3193 anno
769 3125 1005 3193 MDCOXXXV
1029 3125 1077 3190 die
1101 3125 1137 3190 V.
1161 3126 1355 3202 Novembris,

123 3232 313 3313 Apostolicus
344 3232 518 3297 vicariatus
541 3231 706 3297 institutus
730 3232 795 3308 est,
823 3229 876 3313 qui
898 3229 930 3294 in
952 3230 1054 3294 locum
1076 3227 1257 3311 episcopalis
1278 3229 1354 3294 Bos·

123 3335 187 3399 niae
207 3335 288 3398 sedis
311 3335 475 3414 suffectus,
509 3335 729 3400 Bosnieusihus
763 3334 857 3399 simul
887 3335 919 3399 et
941 3332 1260 3417 Herzegorinensibus
1282 3352 1353 3417 pro·

124 3438 266 3519 spiceret;
290 3439 382 3521 atque
405 3439 498 3523 huJ'us
521 3436 686 3505 ministerii
707 3456 820 3502 munus
836 3437 900 3502 viro
915 3436 1078 3520 episcopali
1095 3436 1355 3519 dignitateaucto

125 3541 179 3605 fnit
199 3541 361 3621 creditum,
385 3544 420 3608 ut
442 3545 475 3608 in
499 3544 611 3609 Bosnia
627 3562 713 3609 suam
731 3542 835 3607 sedern
851 3543 1002 3621 statuens,
1025 3538 1181 3623 spirituali
1193 3539 1355 3622 utriusque

94 3654 96 3661 ⁴
124 3645 287 3737 provinciae
310 3648 521 3729 procuratione
543 3648 603 3715 rite
626 3642 815 3731 iungeretur.
1282 3632 1292 3640 ’

219 3762 261 3823 At
285 3778 354 3823 cum
379 3760 441 3827 Deo
465 3759 587 3826 favente
609 3748 832 3825 laeti'tructus
851 3777 886 3824 er
909 3757 994 3823 hisee
1022 3756 1104 3822 euris
1135 3756 1293 3832 extarent,
1323 3754 1355 3819 et

126 3860 253 3926 fidelium
270 3882 414 3930 numerus
430 3864 562 3930 feliciter
577 3866 752 3949 augeretur,
777 3881 856 3927 anno
872 3860 1070 3927 MDOOCLII
1083 3859 1230 3925 Decessor
1241 3857 1355 3923 Noster

126 3964 213 4029 leliois
236 3966 456 4033 recordationis
479 3967 555 4032 Pius
576 3967 649 4047 IX.,
682 3967 720 4032 ad
754 3964 959 4031 christianum
988 3982 1097 4030 nomen
1128 3962 1224 4030 latius
1244 3979 1351 4045 propa·

127 4068 252 4151 gaudum
274 4072 305 4136 et
326 4070 485 4136 fovendam
511 4071 662 4136 unitatem
686 4070 813 4154 spiritus
840 4068 872 4133 in
895 4068 1017 4134 vinculo
1040 4066 1124 4150 pacis
1142 4065 1228 4130 hrter
1247 4083 1355 4148 opera-

127 4171 188 4251 rios,
209 4173 261 4255 qui
284 4173 315 4237 in
337 4174 424 4237 vinea
447 4174 570 4239 Domini
594 4173 745 4252 laborant,
769 4172 962 4256 peculiarem
978 4172 1011 4236 et
1029 4169 1184 4254 proprium
1197 4166 1355 4251 religionis

219 4378 823 4447 lffifflmmmmffistffiss.

154 4474 239 4519 rrourv
254 4474 294 4520 rur
311 4475 499 4521 urrumnoda.
515 4474 605 4521 xnvr.
1192 4462 1251 4542 ,29
