3109 4859
328 98 500 167 Sabaei-der,
520 98 548 160 S.
569 98 685 161 Poscit.
705 102 820 159 declar.
838 106 868 160 et
884 99 976 162 renni.
995 102 1032 161 de
1049 101 1205 163 Iubttoeo.
1321 82 1383 155 257

439 278 501 349 XI.
548 277 784 397 Resoluticldd.
808 283 863 346 26.
887 279 978 346 Febr.
1003 283 1097 351 1879.
1201 292 1208 307 “

597 400 709 469 (Archiv
726 399 808 459 XLV.
828 400 855 465 S.
874 400 949 494 360.)Ι

433 557 516 629 ΧΗ.
562 536 722 625 neieina
743 558 797 625 ss.
821 561 850 628 a.
874 558 993 627 Maec
1017 561 1109 625 zero.
1172 543 1183 626 ,’
1225 639 1227 642 .

255 670 439 755 Beatissimo
462 689 572 756 Pater!
619 688 786 773 spiscopus
809 689 848 757 N.
873 686 913 753 nd
936 687 1028 771 pedes
1049 684 1385 754 Sambana-Vestrae

146 792 346 874 provolutus,
377 793 533 861 occasione
562 792 732 879 praesentis
755 793 893 860 dubilaei
924 794 1084 878 sequentia
1114 791 1273 858 humiliter
1296 808 1385 873 espo-

148 896 217 960 stul
238 898 285 964 to

219 914 236 962 a
257 1002 289 1067 1⁰
311 1001 359 1067 An
383 958 533 1084 possit'in
557 1000 648 1079 lucie,
677 1022 755 1087 quae
778 1022 848 1067 cum
871 1002 1027 1069 suburbiis
1049 1002 1113 1067 suis
1135 1001 1226 1066 nimis
1248 1001 1311 1065 late
1334 1020 1385 1065 ex·

149 1104 336 1189 tenduntur,
361 1106 399 1170 ad
423 1103 570 1189 majorem
593 1105 730 1173 fidelium
754 1107 1006 1175 commoditatem
1029 1101 1087 1173 unu
1108 1106 1230 1170 tautum
1254 1107 1316 1169 lues
1336 1124 1386 1170 ec·
1503 1116 1507 1125 ·

149 1208 260 1275 elesius
282 1208 453 1294 designare,
477 1209 531 1275 scd
554 1210 665 1293 plures,
694 1211 740 1276 ita
764 1214 800 1276 ut
821 1209 927 1278 fideles
948 1211 987 1276 ad
1010 1210 1192 1276 lucrandum
1212 1209 1385 1302 jubilaeum

152 1334 189 1381 ex
212 1314 349 1381 ecclesiis
370 1314 540 1399 designatis
563 1316 627 1381 tres
650 1333 702 1398 pm
725 1316 854 1383 arbitrio
876 1334 932 1380 suc
951 1315 1085 1399 seligant
1108 1333 1143 1379 ac
1165 1313 1313 1380 visitent?
1345 1314 1387 1381 Et

153 1420 303 1501 quatenus
327 1418 469 1504 negativa
492 1438 526 1488 es
550 1417 679 1487 Litteris
698 1409 847 1503 jubilaei,
881 1420 1062 1517 tenultatem
1092 1412 1131 1486 ad
1160 1418 1191 1483 id
1221 1418 1384 1502 specialem

151 1525 295 1693 0¹90803i0·
314 1628 361 1695 An
385 1628 417 1695 in
436 1592 550 1713 jejunio
573 1628 611 1695 ud
631 1627 803 1715 jubilaeum
824 1629 971 1715 requisito
990 1630 1095 1695 licitus
1113 1629 1155 1693 sit
1170 1646 1243 1694 usus
1259 1646 1386 1693 cuorum

151 1732 184 1798 et
206 1731 442 1811 lacticiniorum,
463 1731 574 1799 saltem
596 1733 628 1799 in
650 1734 689 1799 iis
711 1734 896 1819 regionibus,
920 1734 952 1799 in
974 1734 1085 1819 qulbus
1108 1753 1144 1799 ex
1164 1731 1385 1800 consuetudine

20 1888 36 1930 ξ,
150 1834 200 1903 vel
223 1836 449 1921 dispensatione
471 1836 504 1903 ln
523 1837 650 1922 jejuniis
671 1857 707 1905 ex
730 1842 892 1934 praecepto
916 1838 1070 1905 Ecclesiae
1088 1836 1237 1922 injunctis
1257 1836 1384 1920 perunit·

3 1999 38 2017 .„
151 1941 254 2007 titur?
289 1941 337 2007 lta
357 1945 406 2011 est
426 1940 458 2005 iu
481 1959 537 2005 sua
560 1941 690 2008 dioecesi
713 1961 749 2008 ac
772 1943 804 2007 iu
826 1943 967 2009 universa
990 1942 1102 2009 Gallis.
1135 1943 1218 2009 Hinc
1240 1942 1268 2007 si
1287 1958 1384 2025 nega·

6 2106 13 2114 ,
42 2096 49 2141 :
149 2048 250 2111 tivum
273 2065 450 2130 responsum
473 2046 540 2112 dari
563 2048 746 2131 contigerit,
776 2048 931 2113 instanter
960 2049 1114 2133 supplicat
1136 2067 1189 2131 pro
1213 2047 1333 2112 indulto
1351 2048 1385 2111 et

149 2151 283 2233 benigna
306 2151 336 2218 S.
360 2150 448 2216 Sedis
469 2152 678 2227 eoncessicue;
705 2153 798 2219 aliter
821 2153 902 2217 enim
926 2153 1018 2218 multi
1041 2172 1059 2217 a
1084 2151 1231 2218 lucrando
1247 2150 1384 2235 jubilaeo
1408 2173 1412 2182 ·

3 2314 40 2359 ·.:.·
150 2254 389 2337 retraherentur.
435 2254 508 2333 lmc,
532 2274 602 2320 cum
625 2255 717 2319 multi
740 2256 806 2321 oleo
828 2257 859 2321 iu
884 2257 1087 2322 condimentis
1110 2276 1170 2322 uon
1191 2258 1328 2333 utantur,
1352 2256 1384 2319 et

3 2424 17 2466 Σ
43 2416 48 2423 .
151 2358 196 2423 uti
218 2358 349 2445 nollent,
379 2359 480 2443 magle
501 2359 604 2427 adhuc
622 2355 738 2441 instat,
767 2363 804 2427 ut
826 2362 1025 2445 permittetur
1046 2364 1157 2428 saltem
1181 2380 1260 2438 usus
1278 2360 1383 2427 cnudi·

30 2539 40 2550 μ
149 2464 323 2560 mentorum
343 2464 444 2548 adipis
466 2466 521 2529 aut
544 2464 649 2531 butiri.

251 2570 286 2631 3θ
307 2567 467 2651 Supplicut
489 2567 584 2634 etiam
606 2567 797 2655 ingratiam
819 2570 1000 2653 praesertim
1023 2570 1245 2647 ruricolarum,
1267 2568 1321 2654 qui
1343 2568 1383 2635 ad

18 2742 31 2753 ,.
147 2670 301 2755 duplicem
324 2672 573 2739 Communlcueuu
596 2674 651 2739 aut
674 2672 900 2740 Cunlessioucm
921 2694 980 2741 non
1002 2659 1237 2755 adducerentur,
1257 2694 1312 2759 pro
1333 2674 1382 2739 in-

3 2764 44 2857 ⁷5,
146 2775 244 2854 dultc,
267 2776 297 2841 vi
319 2777 406 2861 cujus
428 2776 460 2841 in
483 2796 539 2845 sua
562 2777 692 2845 dioecesi
714 2778 806 2844 unica
828 2779 1138 2865 confessionemque
1163 2780 1383 2870 communione

146 2882 213 2945 tum
235 2880 383 2957 lucrando
401 2880 548 2965 Jubllasc
571 2884 647 2947 tum.
659 2886 823 2967 praecepto
841 2884 1043 2950 Lateraneusi
1064 2883 1208 2949 satisfieri
1230 2883 1338 2987 possit.

15 2989 18 2996 ’
249 2984 289 3051 Et
313 2985 405 3053 Deus:

248 3088 342 3155 Sacra
370 3090 611 3157 Poeniteotiaria
640 3091 713 3159 Vsu.
744 3092 776 3157 iu
806 3093 929 3159 Christo
958 3094 1046 3159 Patri
1077 3083 1238 3177 Episcopo
1260 3090 1383 3159 Oratori

6 3200 29 3212 ”
145 3212 236 3277 super
258 3195 434 3276 praemissis
454 3196 632 3279 respondet:
668 3172 775 3279 Quuoad
812 3196 1057 3281 designationem
1091 3195 1288 3263 ecclesiarum
1319 3196 1383 3259 slet

145 3296 270 3361 bitteris
290 3298 475 3381 Apostolicis
502 3298 564 3365 disi
587 3300 634 3366 15.
656 3298 746 3365 Febr.
769 3320 798 3383 p.
822 3320 849 3367 e.
892 3300 998 3383 Quoad
1022 3304 1125 3367 cetera
1147 3318 1217 3365 vero
1240 3300 1305 3364 stet·
1328 3298 1383 3364 dc·
1429 3327 1431 3331 ·

12 3407 30 3496 “J
146 3398 366 3468 olaralicnibus
388 3402 526 3488 ejusdem
548 3401 656 3468 Sacrae
679 3402 948 3485 Poeniteutiariae,
971 3422 1050 3489 quoe
1066 3404 1263 3470 bioaduexac
1282 3405 1381 3468 traus-

10 3517 21 3529 ²
148 3502 359 3591 mittuntun1).
1041 3498 1045 3507 '
1186 3520 1189 3524 ·

249 3607 364 3675 Datum
388 3610 501 3677 Romae
525 3610 566 3676 in'
579 3608 672 3678 Socra
691 3610 947 3692 Paenitentiaria
970 3612 1020 3679 die
1039 3612 1069 3678 4.
1093 3611 1202 3678 Martii
1223 3612 1316 3680 1879.

620 3717 658 3781 Α.
683 3716 863 3801 Pelleyrbot
887 3716 956 3784 San.
981 3716 1100 3795 Posuit
1122 3716 1254 3808 Regens.

452 3839 456 3849 ’
522 3820 596 3904 Hip.
617 3818 788 3887 eanonicus
809 3821 962 3901 Palumbi,
986 3821 1054 3888 Sec.
1077 3820 1196 3887 Pceuit
1220 3820 1336 3886 Secret.

404 3992 508 4061 XIII.
553 3993 713 4061 Resolutc'o
734 3994 787 4062 dd.
811 4000 863 4102 31.
886 3991 1007 4061 Martii
1026 3998 1121 4060 1879.

241 4119 347 4199 silum
371 4121 410 4187 ab
433 4121 602 4189 Ordinariis
625 4121 809 4188 Germaniae
831 4126 969 4207 respectu
990 4122 1127 4189 fidelium
1149 4122 1274 4188 illarum
1297 4120 1381 4187 dios·

3 4256 16 4269 1·
143 4222 259 4287 coslum
282 4227 446 4293 nonnullas
470 4226 672 4293 difficultates
694 4226 849 4310 expositae
872 4227 989 4293 fuerint
1010 4227 1092 4293 circa
1105 4226 1255 4294 rationem
1268 4226 1380 4311 jejunii

143 4338 454 4355 —-——-·——

142 4464 159 4523 b
243 4381 446 4523 llgqgleigelugt
465 4398 552 4439 waren
571 4362 614 4437 die
632 4379 700 4439 oben
717 4396 743 4435 n.
762 4380 812 4436 Xl.
831 4381 979 4439 stehenden
996 4382 1186 4459 Erklarnngen
1197 4398 1259 4437 nom
1273 4382 1314 4445 26.
1328 4380 1380 4447 Fe-

161 4481 224 4523 mar
312 4508 319 4524 .
1220 4482 1223 4489 ·
