3109 4859
691 716 799 800 lllllll.

121 838 206 937 Sec.
233 854 523 941 Poecilenliariae
549 858 808 941 declarationes
835 858 872 939 el
893 812 1124 961 resolutiones
1143 856 1186 942 de
1203 855 1363 961 jubilaeo.

417 997 589 1087 Mitgetheilt
608 1014 659 1051 von
679 996 710 1049 P.
727 996 793 1053 Jee.
813 996 981 1053 Schneider
999 998 1026 1052 S.
1044 998 1071 1053 J.

292 1115 368 1187 (Vgl.
389 1118 500 1173 Archiv
519 1114 569 1173 Bul.
586 1116 628 1171 46.
648 1116 673 1171 S.
692 1116 745 1171 353
762 1116 799 1180 ff,
817 1116 868 1170 464
887 1115 929 1176 th
948 1115 998 1172 Bd.
1016 1118 1059 1173 46.
1079 1117 1104 1174 S.
1122 1118 1196 1187 000.)
1218 1113 1223 1121 ’

399 1258 428 1321 1.
474 1257 636 1323 Resolutr'u
655 1256 707 1320 cu.
730 1261 783 1321 20.
808 1255 965 1321 donatarii
988 1260 1083 1322 1865.

187 1408 189 1411 ·
227 1384 252 1451 1.
301 1385 460 1469 >Episcopi
484 1386 550 1465 illi,
573 1386 626 1470 qui
649 1385 790 1468 expedire
816 1404 890 1449 suec
916 1384 1055 1450 Dioecesi
1079 1386 1192 1468 putant
1215 1385 1250 1449 ut
1273 1384 1365 1450 Dioe·

121 1490 246 1555 »cesant
265 1489 451 1555 s.-anileeo
472 1490 615 1555 fruantur
637 1488 748 1568 (literis
765 1487 942 1572 apostolicis
958 1487 1019 1552 diei
1035 1490 1065 1554 8.
1083 1487 1260 1553 Decembris
1281 1490 1364 1552 1864

123 1594 301 1675 »concessol
324 1594 355 1657 in
377 1593 514 1677 proxima
537 1592 792 1677 Qoradrugesima‚
814 1592 982 1674 possuntne
1003 1594 1193 1656 commutare
1213 1586 1276 1655 tres
1299 1591 1364 1655 dies

124 1697 256 1780 »jejunii
278 1698 409 1781 inJ‘uncti
433 1698 468 1761 in·
488 1697 551 1763 alia
573 1698 622 1781 pia
646 1716 753 1781 opera:
777 1695 825 1760 vel
850 1696 882 1760 16
905 1695 989 1773 loeis,
1014 1696 1045 1759 16
1063 1695 1263 1778 quihusexS.
1277 1694 1365 1759 Sedis

124 1801 339 1883 »benignitate
362 1802 572 1887 dispensatum
597 1803 645 1867 est
667 1821 758 1884 super
781 1800 970 1866 abstinentia
985 1819 1005 1865 a
1021 1800 1175 1878 carnibus,
1196 1801 1365 1883 possuntne

124 1904 308 1988 »injungere
337 1906 415 1971 hanc
439 1906 657 1971 abstinentium
691 1926 744 1989 per
777 1906 840 1970 tres
872 1905 955 1981 dies,
989 1904 1072 1969 haud
1106 1904 1250 1969 obstante
1279 1903 1365 1968 diota

124 2008 382 2091 »dispensatione
406 2014 438 2075 et
460 2009 547 2076 firmo
570 2013 713 2075 manente
734 2013 897 2093 praecepto
916 2008 1027 2093 jejunii
1050 2007 1274 2074 ecclesiastici?

227 2130 268 2197 Il.
316 2132 477 2216 »Episcopi
499 2133 555 2211 illi,
580 2133 611 2198 in
636 2152 765 2217 quorum
787 2131 977 2198 dioecesibus
997 2130 1132 2209 obvenit,
1165 2132 1201 2193 ut
1224 2120 1363 2194 dubilaei

128 2233 269 2317 »tempus
292 2234 409 2301 ineidat
432 2237 570 2320 paschali
595 2239 743 2319 tempore,
768 2239 935 2319 possuntne
957 2234 1021 2299 suis
1040 2234 1184 2298 fidelibus
1207 2232 1364 2297 declarare

129 2360 187 2395 6-
211 2358 264 2422 per
287 2338 538 2406 Communiooem
561 2341 735 2424 paschalem
758 2324 902 2406 satisfieri
926 2336 1141 2404 Communioni
1164 2355 1199 2401 ex
1218 2334 1362 2400 Jubilaeo

129 2440 303 2525 »injunctae
326 2445 444 2529 -1)?‹

227 2563 286 2631 ill.
334 2564 431 2630 »Cum
455 2565 585 2649 perutile
608 2564 650 2630 sit
670 2564 709 2630 ad
732 2563 839 2630 fideles
860 2562 1064 2649 disponendos
1085 2581 1140 2647 pro
1160 2557 1364 2645 acquisitione

125 2664 413 2753 »indulgentiarum
437 2669 458 2735 J
462 2668 574 2735 ubitaei
597 2688 700 2735 sacras
720 2668 884 2735 hlissiones
905 2687 1069 2753 peregere,
1090 2669 1121 2732 et
1145 2684 1215 2732 cum
1235 2664 1361 2728 econtra

127 2770 177 2834 »in
200 2770 338 2837 Dioecesi
361 2793 420 2838 nen
444 2774 616 2839 habeantur
639 2775 687 2839 tot
709 2772 869 2857 Operarii,
892 2775 944 2856 qui
968 2771 1058 2838 unico
1080 2789 1186 2836 mense
1207 2769 1363 2852 integram

126 2875 676 2959 »01666661666666666666616666,
706 2878 872 2959 possuntne
905 2874 1000 2941 iidem
1035 2874 1177 2958 Episcopi
1199 2873 1363 2956 designare

127 2979 247 3044 »rados
267 2998 385 3045 menses
407 2999 462 3064 pro
485 2981 619 3047 locorum
651 2982 803 3066 uarietate
833 2999 908 3047 snae
942 2979 1098 3068 Dioecesis
1131 2977 1214 3042 iutra
1247 2994 1362 3041 annum

126 3084 273 3149 ›dcccl‹

228 3204 281 3273 IV.
330 3206 383 3272 »In
407 3206 507 3273 literis
530 3206 706 3291 apostolicis
729 3208 791 3274 diei
815 3209 867 3273 26.
884 3205 993 3273 Martii
1018 3202 1100 3269 1860
1116 3200 1262 3267 Summus
1278 3199 1361 3264 Pon·

128 3307 222 3375 »bilex
243 3308 308 3375 Sibi
331 3308 455 3393 suisque
478 3312 704 3377 successoribus
726 3307 936 3378 reseruanit'a
959 3309 1098 3376 censuris
1120 3304 1277 3372 absoluere
1300 3307 1362 3381 eos,

129 3414 251 3497 »quiin
275 3414 439 3499 provinciis
463 3414 643 3481 Pontifieiae
668 3415 801 3481 Ditionis
824 3415 1021 3481 rebellionem
1050 3413 1207 3479 eteorum
1231 3426 1362 3491 usurpa·

128 3518 259 3583 »tionem
284 3519 515 3602 perpetrarunt,
538 3518 672 3605 itemque
695 3518 831 3603 ipsorum
855 3516 1058 3594 mandantes,
1082 3513 1238 3591 fautores,
1269 3510 1361 3595 adju·

127 3624 246 3713 utores,
277 3621 486 3701 consiliarim,
511 3623 730 3705 adhaerentes,
758 3625 951 3702 executores,
975 3622 1034 3687 ete.
1067 3616 1242 3701 Quaeritur,
1266 3635 1305 3679 an
1329 3633 1364 3678 ex

127 3726 345 3808 >amplissimis
380 3726 596 3807 facultalibus,
631 3747 710 3812 quae
744 3726 953 3795 conceduntur
974 3722 1175 3792 Dooimsariis
1204 3719 1362 3785 occasione

126 3828 325 3895 »similest
348 3832 515 3897 secundum
534 3831 689 3899 indicatas
711 3832 819 3899 literas
841 3831 1037 3916 apostolicas,
1060 3827 1122 3892 diei
1137 3827 1167 3892 8.
1186 3822 1364 3889 Decembris

127 3932 245 4013 61864,
268 3937 299 3998 61
321 3935 382 3999 0161
406 3936 457 4002 20.
479 3934 662 4001 Nouembris
685 3936 779 4013 1846,
800 3934 925 4001 sublata
947 3934 989 4000 sit
1012 3932 1097 3996 dicta
1118 3927 1286 4004 reservatio
1309 3945 1365 4011 ap·

126 4036 246 4121 «posite
265 4038 295 4103 16
320 4038 418 4103 literis
441 4036 503 4102 diei
525 4038 576 4104 20.
598 4037 707 4103 Martii
732 4038 850 4105 10606

227 4148 257 4216 S.
291 4149 534 4216 Poenitentierie
571 4124 671 4216 tacto¹
695 4139 933 4234 praemissorum
963 4144 1113 4213 relatione
1141 4142 1237 4211 SSmo
1260 4143 1299 4208 D.
1321 4142 1362 4211 N.

126 4252 228 4339 Papae
252 4253 307 4321 Pio
329 4252 384 4322 IX.
405 4252 495 4339 juxte
517 4252 654 4339 ejusdem
676 4252 764 4322 SSunt
787 4252 911 4321 Domini
933 4252 1069 4320 mentem
1090 4246 1264 4335 respondit:

229 4446 258 4515 i)
278 4444 329 4501 Die
348 4443 495 4503 dublelli.
514 4442 569 4503 und
587 4442 633 4505 ll.
657 4443 748 4506 ichten
770 4446 816 4508 bet
840 4446 901 4507 dem
924 4438 1163 4516 enrolletindigeo
1181 4435 1308 4499 Abtruch
1326 4435 1364 4495 irn

126 4532 238 4590 Archiv
257 4531 307 4591 Bd.
323 4532 367 4593 45.
390 4529 417 4591 Β.
435 4532 495 4593 853.

155 4618 248 4671 nueblr
262 4620 302 4673 lllr
316 4616 499 4673 Kbubeurmtl
513 4617 602 4676 {teile
742 4620 748 4633 '
1220 4610 1260 4687 17
