3109 4859
187 80 262 197 406·
292 98 329 153 Κ.
340 96 373 151 L.
384 94 504 161 Bronten,
517 92 687 163 desiderabo
701 91 757 149 der
771 108 833 149 corr
846 92 1061 163 anloebtoeu
1075 62 1365 165 obqescblorcenrn
1379 93 1481 150 Ehe.

186 273 235 338 fuir
257 270 307 336 die
330 266 533 352 Annendung
555 266 609 331 des
636 265 702 331 hier
727 241 901 349 fraglicben
926 264 1146 349 Pririlegiums
1174 265 1227 331 des
1258 266 1476 347 GlanbenS,

186 374 290 441 iudom
313 391 345 439 er
367 372 398 437 in
421 370 491 436 dem
521 368 555 435 in
584 369 639 434 das
669 368 748 435 Jahr
775 370 840 433 413
860 368 1037 453 ,gehbrigen
1058 368 1173 434 Werke
1206 371 1272 438 Dc*
1288 372 1395 440 Fide
1437 381 1478 439 et

186 478 342 562 Operibus
367 472 511 561 folgende
533 472 741 556 Auslirhrung
767 471 837 556 gibt
848 474 882 556 ¹).
930 472 1157 554 »Quamobrem
1187 475 1220 539 et
1244 473 1326 540 illud
1357 478 1471 561 quod

185 583 312 661 dicunt,
346 579 444 645 veluti
476 578 603 663 probare
638 578 811 661 cupientes,
846 581 998 660 qnantum
1021 576 1128 643 valeat
1155 578 1221 643 sola
1250 578 1345 659 fides,
1397 582 1469 644 ubi

186 686 354 772 Apostolus
377 684 471 763 dicit,
496 680 795 765 renumeratoris
816 680 969 759 discedit,
999 681 1159 764 discedam
1193 690 1327 749 nearest
1349 688 1467 751 enim

185 790 327 858 servituti
348 789 502 871 subjectus
521 787 625 868 freter
645 784 692 849 oet
711 804 802 850 soror
824 782 860 868 irs
875 783 1073 867 tedemondi«
1095 784 1135 866 (l.
1160 783 1229 849 Cor.
1250 786 1323 855 Vll.
1348 790 1462 873 15.);

184 895 218 960 id
240 897 302 974 est,
317 894 367 957 ut
392 892 517 974 propter
546 887 640 953 fidem
668 885 786 953 curisti
813 886 908 953 etiam
933 886 1000 970 ipsu
1021 905 1095 953 uror
1117 887 1260 969 legitima
1281 892 1461 957 societate

186 996 351 1081 conjuncta
371 996 437 1059 sine
461 993 552 1076 culpa
572 991 773 1075 relinquatur,
797 990 828 1056 si
850 1010 920 1056 cum
941 991 1011 1056 ciro
1025 991 1200 1057 christiano
1214 1000 1351 1075 propter
1367 996 1457 1073 hoc,

75 1161 77 1164 .
185 1102 261 1185 quic
283 1098 476 1166 christianus
498 1101 558 1177 esi,
587 1116 777 1178 permetere
804 1086 962 1161 'cotue-rit:
991 1113 1051 1159 uon
1081 1095 1248 1161 attendunt
1273 1116 1308 1163 eo
1343 1100 1456 1165 modo

185 1206 274 1270 illam
296 1202 467 1269 rectissime
489 1198 625 1277 dimitti,
656 1200 683 1263 si
704 1200 770 1264 rino
791 1216 846 1264 suo
869 1198 971 1263 dieat:
1006 1198 1076 1264 Non
1097 1217 1149 1264 ero
1171 1218 1246 1264 uxor
1268 1201 1344 1280 tua,
1377 1203 1455 1267 nisi

185 1307 265 1375 mihi
286 1306 324 1373 de
346 1303 508 1373 latrocinio
529 1303 656 1369 divitias
678 1322 836 1388 congeras,
860 1305 916 1367 aut
937 1303 997 1367 uisi
1019 1302 1112 1369 solita
1130 1303 1294 1382 lenocinia,
1316 1306 1452 1388 quibus

185 1414 322 1478 nostram
346 1409 479 1475 domurn.
494 1407 698 1491 transigebas,
720 1406 816 1472 etiem
839 1405 1027 1471 christianus
1048 1426 1208 1485 exerceam
1228 1409 1285 1472 unt
1305 1408 1334 1473 si
1359 1410 1452 1492 qnid

185 1516 271 1581 aliud
294 1515 342 1584 rel
364 1512 568 1577 facinorosum
594 1512 643 1577 rel
664 1510 855 1595 flagitiosum
876 1510 910 1574 in
933 1510 997 1575 viro
1019 1512 1164 1590 noverat,
1191 1529 1251 1594 qno
1273 1511 1450 1579 delectata

184 1619 233 1687 rel
253 1617 414 1685 libidinem
437 1615 589 1699 explebat,
611 1615 658 1680 vel
680 1614 806 1680 facilem
828 1614 944 1679 victum
960 1613 1106 1695 babebat,
1130 1615 1179 1681 rel
1194 1614 1446 1705 etiamincede-

183 1725 240 1791 bat
262 1720 408 1790 ornatior.
454 1720 540 1786 Turre
565 1720 648 1785 enim
670 1719 724 1785 ille
747 1720 798 1783 eni
821 1717 879 1783 hoc
901 1737 976 1783 uxor
995 1718 1088 1796 dicit,
1121 1718 1149 1784 si
1179 1718 1330 1808 veraciter
1365 1722 1445 1807 egit

183 1826 405 1912 poenitentiam
428 1825 468 1889 ab
491 1824 633 1907 operibus
655 1823 803 1902 mortuis,
837 1822 962 1904 quondo
995 1822 1047 1887 od·
1073 1822 1262 1908 baptismum
1287 1825 1441 1901 occessit,

184 1931 345 2014 habetque·
358 1930 391 1994 in
410 1928 610 1993 fundamento
633 1926 725 1992 fidem
746 1945 825 2011 quse
846 1945 900 2009 per
922 1925 1119 1992 dilectionem
1141 1929 1297 2011 operatur,
1320 1912 1438 2011 procul

183 2035 277 2118 dubio
298 2034 368 2117 plus
390 2032 546 2097 tenebitur
569 2049 672 2096 amore
696 2030 818 2097 divinae
840 2031 973 2113 gratioe,
1001 2050 1094 2114 quam
1116 2032 1217 2099 earnis
1239 2032 1374 2113 uxoriae,
1399 2036 1435 2098 et

183 2137 355 2203 membrum
379 2134 460 2219 quod
479 2152 549 2201 eum
565 2132 764 2212 scandalizat,
788 2132 911 2199 fortiter
926 2134 1098 2216 amputat«
1130 2133 1202 2201 Allo
1214 2134 1432 2201 disseStellen

182 2238 284 2305 haben
314 2237 394 2305 euch
425 2238 457 2302 in
487 2237 558 2303 dem
587 2236 717 2303 Decrete
746 2234 903 2301 Gratian's
932 2235 1110 2302 Auiuabme
1136 2236 1341 2323 gerundum),
1378 2240 1430 2303 eia

183 2341 299 2422 Punlrt,
321 2342 430 2407 dessen
453 2341 639 2425 Bedeutnng
659 2341 763 2425 speter
787 2359 824 2405 ru
847 2341 985 2405 erbrtern
1004 2340 1055 2406 ist.

90 2442 106 2445 ”
285 2445 361 2511 lline
382 2445 454 2511 dem
476 2444 611 2529 heiligen
634 2444 818 2509 Ambrosius
840 2443 1112 2527 zugesehriebene,
1144 2463 1201 2509 rou
1229 2445 1299 2511 dem
1331 2446 1428 2509 romi-

109 2564 116 2575 ·
181 2550 275 2617 seben
299 2550 416 2616 Diaoon
439 2549 581 2615 Hilarius
604 2547 848 2633 herrdbreude³)
872 2547 969 2613 Stella
1002 2566 1057 2612 aus
1091 2547 1150 2612 den
1186 2548 1427 2631 voundugustin

181 2653 307 2720 citirten
331 2654 561 2721 Commentario
582 2656 619 2719 irs
643 2652 747 2717 ΧΙΗ.
769 2652 934 2734 Epictetus
956 2652 1000 2717 B.
1021 2651 1119 2717 Porcii
1147 2652 1258 2717 fibren
1286 2652 1339 2715 wir
1367 2671 1425 2717 aus

181 2757 251 2823 dem
275 2755 400 2823 Grunde
422 2775 471 2835 sn,
496 2756 564 2820 weil
587 2756 732 2834 dieselbe‚
755 2756 876 2820 obuo'nl
897 2756 1020 2834 unecht,
1045 2754 1077 2818 in
1100 2754 1170 2819 dem
1195 2756 1325 2821 Decrete
1346 2756 1424 2821 Gra·

179 2860 272 2926 tion's
295 2860 361 2925 sich
388 2860 546 2926 ebenwohl
568 2858 709 2943 findet4).
755 2858 806 2923 Sis
828 2858 981 2944 lautet⁵):
1020 2858 1108 2923 »Non
1141 2861 1189 2924 est
1216 2859 1297 2925 euim
1328 2861 1424 2924 frater

180 2965 229 3031 vel
251 2983 335 3030 soror
357 2964 499 3031 seruituti
525 2963 683 3046 subjectns
706 2962 737 3027 in
759 2962 944 3046 hujusmodi.
999 2965 1067 3029 Hoc
1101 2966 1166 3043 est,
1202 2984 1261 3029 uon
1294 2964 1420 3029 debetur
1528 3024 1530 3035 ,

178 3070 351 3155 reverentia
374 3068 510 3152 conjugii
534 3069 571 3147 ei,
592 3068 644 3151 qui
668 3068 772 3133 horret
790 3069 946 3131 auctorem
970 3069 1126 3153 eonjugii3
1149 3068 1303 3133 nonenim
1317 3070 1415 3133 ratum
1528 3061 1529 3066 ’

179 3176 227 3240 est
250 3172 492 3251 matrimonium,
515 3172 595 3255 quod
619 3171 684 3236 sine
708 3171 764 3235 Dei
788 3171 949 3236 devotione
970 3175 1037 3256 est;
1069 3191 1106 3237 ec
1134 3189 1188 3255 per
1212 3172 1269 3237 hoe
1292 3191 1350 3235 uon
1372 3173 1417 3235 est

178 3280 340 3359 peccatum
363 3277 408 3355 ei,
441 3276 494 3359 qui
517 3276 661 3341 dimittur
683 3277 806 3360 propter
830 3276 947 3354 Deum,
974 3277 999 3341 si
1024 3277 1079 3341 alii
1098 3296 1130 3341 se
1150 3276 1296 3360 junxerit.
1341 3274 1415 3339 Gon-

178 3376 307 3445 tumelia
330 3380 411 3445 enim
435 3379 582 3445 creatoris
607 3378 699 3444 solvit
718 3378 769 3462 jus
792 3378 980 3443 matrimonii
1004 3379 1086 3444 circa
1101 3398 1182 3458 eum,
1205 3381 1258 3462 qui
1273 3380 1414 3461 relinqui·

178 3484 239 3562 tur,
264 3502 300 3548 ne
321 3483 483 3549 accusetur
499 3482 553 3547 alii
574 3483 744 3565 copulatus.
776 3483 915 3547 Infidelis
928 3485 1033 3548 autern
1045 3483 1204 3549 discedens
1220 3486 1252 3549 et
1269 3484 1299 3549 in
1320 3484 1413 3547 Deum

178 3589 210 3653 et
231 3588 263 3651 in
285 3586 518 3651 matrimonium
540 3604 666 3668 peooere
689 3585 899 3669 dignoscitur,
929 3587 1003 3669 quia
1033 3587 1133 3652 noluit
1162 3588 1219 3651 sub
1249 3588 1306 3670 Dei
1328 3587 1413 3651 davo·

107 3671 115 3688 ⁶
176 3692 260 3757 lione
281 3690 394 3755 babere
418 3689 658 3754 matrimonium.
693 3689 803 3772 ltaque
826 3709 884 3755 non
909 3692 956 3755 est
972 3690 999 3753 ei
1016 3690 1092 3756 fides
1108 3692 1259 3757 servanda
1274 3690 1410 3774 conjugii,

177 3794 249 3878 quia
271 3794 339 3858 ideo
362 3792 503 3872 recessit,
539 3812 576 3857 ne
610 3792 732 3857 audiret
764 3796 923 3859 auctorem
957 3812 1023 3858 esse
1052 3794 1291 3860 christianornm
1319 3792 1410 3857 Deum

282 3998 307 4063 1)
328 4000 432 4067 Micca
449 4000 523 4063 XL,
540 4006 602 4068 pag.
621 3999 680 4055 216.
698 4018 726 4054 rr.
743 4000 786 4055 28.

279 4084 306 4154 2)
324 4101 346 4139 o.
365 4085 390 4139 4.
409 4083 436 4139 Ο.
456 4085 498 4139 28.
515 4085 565 4152 Qu.
584 4086 606 4140 I.
624 4086 696 4141 Uror
714 4087 847 4156 legitima.

278 4171 306 4239 3)
327 4173 430 4248 Atreo,
449 4170 598 4225 Handbuoh
617 4170 664 4226 der
682 4173 845 4243 Patrologio.
872 4172 897 4229 3.
916 4172 986 4228 nun.
1014 4174 1090 4228 1876.
1114 4172 1141 4228 S.
1156 4175 1220 4247 ¹369.
1239 4173 1299 4226 370.

278 4258 306 4325 4)
324 4273 346 4311 c.
364 4257 389 4311 2.
410 4256 438 4312 C.
457 4256 499 4311 28.
518 4256 566 4325 Qu.
585 4257 622 4311 Il.

278 4344 306 4412 5)
325 4344 353 4399 S.
372 4346 542 4407 Ambrosii,
568 4344 663 4414 Opera.
681 4346 777 4399 Studio
794 4337 824 4401 et
842 4344 933 4400 labore
950 4346 1141 4401 Monaolrorum
1160 4344 1269 4399 Ordinis
1288 4346 1313 4399 S.
1332 4341 1408 4399 B'ene'·

175 4431 250 4485 dicti.
279 4430 400 4484 Venetiis
418 4430 493 4483 1751.
519 4430 592 4485 Tem.
611 4432 663 4486 III.
690 4433 837 4502 Appendix.
860 4434 926 4501 Peg.
947 4432 1005 4486 161.
1146 4429 1156 4439 “
