3109 4859
334 30 342 39 .

108 92 119 101 .

316 87 694 184 Belicam-m,
718 122 961 175 aneson.
982 123 1037 174 d.
1062 120 1284 189 Confi.
1308 120 1418 191 off.
1436 122 1527 174 22.
1548 122 1686 176 Dec.
1702 122 1886 178 1380:
1916 122 2179 178 οευῑιειιε
2201 123 2257 175 d.
2286 122 2584 177 Kleriker.
2710 105 2793 167 27

312 293 603 359 exhibeas
649 294 814 359 circa
861 294 1272 379 magistratus
1318 292 1687 371 catholicos,
1758 293 1819 356 et
1878 292 2177 358 Gubernii
2222 313 2456 370 servos,
2528 294 2628 374 qui
2680 294 2789 354 im-

311 397 686 462 munitatem
736 397 894 481 asyli
936 396 1338 463 ecclesiastici
1387 395 1639 474 violant,
1687 397 1922 461 veritus
1966 395 2276 475 nimirum,
2325 416 2400 462 ne
2444 418 2644 458 nimina·
2692 418 2789 458 [²1-

309 499 852 566 communicationi
931 500 1324 585 subjaceant,
1415 519 1572 583 quae
1645 499 1711 564 in
1787 499 1995 565 Const.
2074 500 2500 583 »Apostolicae
2576 502 2785 562 fitz-dise

312 604 411 670 12.
438 603 656 670 Octob.
706 604 873 670 1869
919 607 1016 670 est
1061 604 1280 687 quinta
1325 603 1486 668 inter
1531 603 2189 669 excommunicationes
2230 604 2396 669 latae
2444 606 2789 666 sentffliliac

311 707 383 774 R.
433 706 722 773 Pontifici
769 711 1143 788 reservatas,
1214 727 1405 791 eaque
1475 717 1573 772 est
1639 707 1869 772 tenoris
1911 705 2223 791 sequentis
2274 706 2789 771 ›Immunitntnrn

305 811 461 896 asyli
504 811 906 879 ecclesiastici
943 813 1172 878 violare
1213 812 1503 896 jubentes
1547 814 1659 876 aut
1691 830 1847 878 ausu
1879 811 2209 878 temerario
2240 811 2600 878 violantem
2656 814 2793 890 Qua

309 916 398 980 Te
441 916 752 982 anxietate
797 919 869 982 ut
912 919 1247 982 eximerent
1317 915 1458 981 Emi
1523 916 1746 981 Patres
1810 915 2023 980 audito
2092 915 2279 980 etiam
2326 913 2452 978 Smi
2528 914 2789 990 assumile,

307 1020 611 1085 monitum
659 1019 746 1085 'I'e
795 1022 1038 1087 voluere
1087 1021 1152 1084 in
1196 1039 1269 1085 ea
1313 1020 1581 1084 formula
1613 1020 1800 1085 verba
1840 1037 2032 1084 »ausu
2063 1018 2424 1083 temerarios
2464 1022 2789 1098 utrumqne

304 1123 653 1188 membrum
694 1125 1040 1208 complecti.
1122 1124 1209 1188 Ex
1240 1142 1381 1207 ‘quo
1428 1123 1787 1207 intell-igaS,
1854 1141 1994 1188 eum
2063 1123 2310 1188 tantum
2380 1122 2789 1186 exrnmmuni-

302 1227 617 1293 cationem
661 1228 1002 1309 incurrere,
1062 1228 1170 1313 qui
1233 1228 1309 1293 ab
1370 1227 1511 1294 aliis
1557 1227 1812 1292 minime
1858 1230 2106 1293 coactus
2153 1227 2416 1310 prudens
2476 1250 2544 1290 :u-
2596 1226 2789 1290 aciens

299 1330 766 1396 immunitatem
828 1331 985 1417 asyli
1047 1330 1448 1397 ecclesiastici
1520 1331 1631 1396 aut
1694 1330 1927 1396 violare
1987 1330 2199 1414 jubet,
2271 1331 2380 1395 aut
2444 1334 2787 1410 ffissqnliwiill]

299 1434 532 1512 violat,
589 1453 772 1518 quem
837 1454 1016 1518 porro
1063 1436 1276 1518 utpote
1320 1434 1519 1500 omnis
1562 1433 1975 1500 excusationis
2021 1436 2334 1518 expartem
2373 1434 2789 1498 eivszvnmmni-

300 1536 536 1604 cationi
577 1537 895 1622 subjacere
940 1539 1168 1604 mirum
1215 1559 1347 1605 esse
1386 1555 1506 1604 non
1551 1539 1755 1606 debet.

514 1643 729 1724 Quoad
772 1643 1028 1709 tertiam
1074 1645 1314 1728 partem
1362 1643 1700 1709 instantiae

515 1746 633 1811 Ad.
679 1747 737 1815 1.
785 1747 898 1812 sub
939 1746 1154 1814 littera
1198 1767 1254 1813 a.
1297 1747 1708 1814 Affirmative.

516 1850 634 1917 Ad.
663 1853 734 1918 ⁴2.
783 1852 896 1916 sub
943 1851 1160 1916 littera
1202 1852 1261 1918 b.
1311 1851 1632 1934 Quatenus
1672 1850 2001 1935 privilegia
2023 1851 2099 1914 de
2121 1849 2343 1933 quibus
2369 1850 2576 1934 aginn-
2604 1870 2789 1927 gone-

299 1954 462 2020 ralia
505 1955 651 2032 sint,
695 1954 1107 2034 Affirmative‚
1150 1957 1456 2040 quatenus
1495 1955 1623 2019 sint
1666 1955 1957 2038 specialia
1987 1957 2053 2019 et
2081 1953 2440 2037 personalia,
2484 1962 2781 2034 negamus,

515 2055 631 2122 Ad.
680 2058 740 2123 3.
785 2057 900 2123 sub
944 2057 1160 2124 littera
1205 2057 1724 2136 c·.=Affirmative.

514 2160 653 2227 Ad:
679 2161 738 2226 4.
784 2161 900 2226 sub
946 2162 1158 2228 littera
1199 2162 1257 2227 d.
1331 2163 1448 2227 Per
1509 2164 1822 2227 recentem
1857 2161 2404 2228 'constitutionem
2468 2162 2616 2222 nihil
2672 2162 2781 2222 in]-

303 2265 616 2329 minntum
678 2285 810 2330 esse
868 2265 1068 2349 quoad
1125 2266 1514 2336 fundationes
1558 2267 1830 2332 locorum
1876 2265 2114 2349 piorum
2161 2265 2544 2346 aliarumque
2592 2266 2785 2326 encie-

299 2368 698 2433 siasticarum
742 2369 1242 2448 institutionum,
1292 2370 1365 2435 (le
1411 2370 1637 2453 quibus
1681 2369 1934 2452 proinde
1980 2368 2375 2452 judicandum
2420 2390 2552 2434 esse
2604 2374 2785 2450 prout

291 2472 698 2557 judicabatur
740 2475 884 2537 ante
925 2472 1484 2556 promulgationem
1531 2471 1719 2556 hujus
1764 2471 2258 2538 constitutionis,
