<?xml version="1.0" encoding="UTF-8"?>
<!DOCTYPE html PUBLIC "-//W3C//DTD XHTML 1.0 Transitional//EN"
    "http://www.w3.org/TR/xhtml1/DTD/xhtml1-transitional.dtd">
<html xmlns="http://www.w3.org/1999/xhtml" xml:lang="en" lang="en">
 <head>
  <title>
</title>
<meta http-equiv="Content-Type" content="text/html;charset=utf-8" />
  <meta name='ocr-system' content='tesseract 3.04.00' />
  <meta name='ocr-capabilities' content='ocr_page ocr_carea ocr_par ocr_line ocrx_word'/>
</head>
<body>
  <div class='ocr_page' id='page_1' title='image "./archivfrkatholi10unkngoog/archivfrkatholi10unkngoog_0253.png"; bbox 0 0 3109 4859; ppageno 0'>
   <div class='ocr_carea' id='block_1_1' title="bbox 45 86 1396 199">
    <p class='ocr_par' dir='ltr' id='par_1_1' title="bbox 45 86 1396 208">
     <span class='ocr_line' id='line_1_1' title="bbox 45 86 1396 199; baseline -0.001 -22"><span class='ocrx_word' id='word_1_1' title='bbox 45 190 46 199; x_wconf 9' lang='grc' dir='ltr'>χ</span> <span class='ocrx_word' id='word_1_2' title='bbox 165 86 169 97; x_wconf 19' lang='lat' dir='ltr'>x</span> <span class='ocrx_word' id='word_1_3' title='bbox 237 122 329 177; x_wconf 78' lang='lat' dir='ltr'>Leon.</span> <span class='ocrx_word' id='word_1_4' title='bbox 346 122 431 177; x_wconf 86' lang='lat' dir='ltr'>Xlll.</span> <span class='ocrx_word' id='word_1_5' title='bbox 450 123 571 192; x_wconf 75' lang='lat' dir='ltr'>anepos.</span> <span class='ocrx_word' id='word_1_6' title='bbox 589 124 617 177; x_wconf 83' lang='lat' dir='ltr'>d.</span> <span class='ocrx_word' id='word_1_7' title='bbox 637 123 682 177; x_wconf 83' lang='grc'>29.</span> <span class='ocrx_word' id='word_1_8' title='bbox 701 122 776 178; x_wconf 74' lang='lat' dir='ltr'>duos.</span> <span class='ocrx_word' id='word_1_9' title='bbox 797 122 868 177; x_wconf 83' lang='grc'><em>1881</em></span> <span class='ocrx_word' id='word_1_10' title='bbox 886 123 923 177; x_wconf 85' lang='lat' dir='ltr'>dc</span> <span class='ocrx_word' id='word_1_11' title='bbox 942 104 1060 176; x_wconf 67' lang='lat' dir='ltr'>caeter.</span> <span class='ocrx_word' id='word_1_12' title='bbox 1079 122 1141 188; x_wconf 82' lang='lat' dir='ltr'>pol.</span> <span class='ocrx_word' id='word_1_13' title='bbox 1159 123 1313 197; x_wconf 21' lang='lat' dir='ltr'>imperit..</span> <span class='ocrx_word' id='word_1_14' title='bbox 1335 103 1396 168; x_wconf 79' lang='lat'>241</span> 
     </span>
    </p>
   </div>
   <div class='ocr_carea' id='block_1_2' title="bbox 165 286 1398 378">
    <p class='ocr_par' dir='ltr' id='par_1_2' title="bbox 165 286 1398 378">
     <span class='ocr_line' id='line_1_2' title="bbox 165 286 1398 378; baseline 0 -18"><span class='ocrx_word' id='word_1_15' title='bbox 165 296 266 361; x_wconf 87' lang='lat' dir='ltr'>Deus:</span> <span class='ocrx_word' id='word_1_16' title='bbox 296 293 376 378; x_wconf 91' lang='lat' dir='ltr'>quod</span> <span class='ocrx_word' id='word_1_17' title='bbox 404 286 562 378; x_wconf 80' lang='lat' dir='ltr'>perspicue</span> <span class='ocrx_word' id='word_1_18' title='bbox 582 294 795 360; x_wconf 89' lang='lat' dir='ltr'>demonstrant</span> <span class='ocrx_word' id='word_1_19' title='bbox 817 296 849 360; x_wconf 93' lang='lat' dir='ltr'>et</span> <span class='ocrx_word' id='word_1_20' title='bbox 873 294 1007 359; x_wconf 81' lang='lat' dir='ltr'>maxima</span> <span class='ocrx_word' id='word_1_21' title='bbox 1028 293 1185 378; x_wconf 85' lang='lat' dir='ltr'>societatis</span> <span class='ocrx_word' id='word_1_22' title='bbox 1206 294 1398 360; x_wconf 75' lang='lat' dir='ltr'>conciliatrix</span> 
     </span>
    </p>
   </div>
   <div class='ocr_carea' id='block_1_3' title="bbox 162 397 1537 483">
    <p class='ocr_par' dir='ltr' id='par_1_3' title="bbox 162 397 1537 483">
     <span class='ocr_line' id='line_1_3' title="bbox 162 397 1537 483; baseline -0.001 -20"><span class='ocrx_word' id='word_1_23' title='bbox 162 397 308 483; x_wconf 84' lang='lat' dir='ltr'>loquendi</span> <span class='ocrx_word' id='word_1_24' title='bbox 330 397 462 461; x_wconf 82' lang='lat' dir='ltr'><strong>facultas</strong></span> <span class='ocrx_word' id='word_1_25' title='bbox 484 401 516 463; x_wconf 90' lang='lat' dir='ltr'>et</span> <span class='ocrx_word' id='word_1_26' title='bbox 538 399 662 462; x_wconf 78' lang='lat' dir='ltr'>innatae</span> <span class='ocrx_word' id='word_1_27' title='bbox 686 397 889 481; x_wconf 72' lang='lat' dir='ltr'>appetitiones</span> <span class='ocrx_word' id='word_1_28' title='bbox 911 397 1007 461; x_wconf 90' lang='lat' dir='ltr'>animi</span> <span class='ocrx_word' id='word_1_29' title='bbox 1030 398 1195 480; x_wconf 76' lang='lat' dir='ltr'>perplures,</span> <span class='ocrx_word' id='word_1_30' title='bbox 1218 399 1251 462; x_wconf 91' lang='lat' dir='ltr'>et</span> <span class='ocrx_word' id='word_1_31' title='bbox 1273 418 1321 462; x_wconf 91' lang='lat' dir='ltr'>res</span> <span class='ocrx_word' id='word_1_32' title='bbox 1344 418 1398 463; x_wconf 93' lang='lat' dir='ltr'>ne·</span> <span class='ocrx_word' id='word_1_33' title='bbox 1532 422 1537 433; x_wconf 90' lang='lat'><strong>·</strong></span> 
     </span>
    </p>
   </div>
   <div class='ocr_carea' id='block_1_4' title="bbox 31 496 1534 688">
    <p class='ocr_par' dir='ltr' id='par_1_4' title="bbox 31 496 1534 688">
     <span class='ocr_line' id='line_1_4' title="bbox 32 496 1534 593; baseline 0 -28"><span class='ocrx_word' id='word_1_34' title='bbox 32 504 34 565; x_wconf 82' lang='lat' dir='ltr'>l</span> <span class='ocrx_word' id='word_1_35' title='bbox 163 500 313 568; x_wconf 79' lang='lat' dir='ltr'>sessaniae</span> <span class='ocrx_word' id='word_1_36' title='bbox 336 501 453 566; x_wconf 91' lang='lat' dir='ltr'>multae</span> <span class='ocrx_word' id='word_1_37' title='bbox 476 521 510 565; x_wconf 87' lang='lat' dir='ltr'>uc</span> <span class='ocrx_word' id='word_1_38' title='bbox 534 501 638 591; x_wconf 80' lang='lat' dir='ltr'>magni</span> <span class='ocrx_word' id='word_1_39' title='bbox 652 501 825 581; x_wconf 77' lang='lat' dir='ltr'>ammenti,</span> <span class='ocrx_word' id='word_1_40' title='bbox 857 520 933 585; x_wconf 90' lang='lat' dir='ltr'>quas</span> <span class='ocrx_word' id='word_1_41' title='bbox 957 501 1093 593; x_wconf 86' lang='lat' dir='ltr'>¹solitarii</span> <span class='ocrx_word' id='word_1_42' title='bbox 1115 501 1236 585; x_wconf 85' lang='lat' dir='ltr'>assequi</span> <span class='ocrx_word' id='word_1_43' title='bbox 1259 503 1397 567; x_wconf 91' lang='lat' dir='ltr'>homines</span> <span class='ocrx_word' id='word_1_44' title='bbox 1529 496 1534 516; x_wconf 68' lang='lat'>⁸</span> 
     </span>
     <span class='ocr_line' id='line_1_5' title="bbox 31 586 1493 688; baseline 0.005 -19"><span class='ocrx_word' id='word_1_45' title='bbox 31 586 33 637; x_wconf 84' lang='lat'>1</span> <span class='ocrx_word' id='word_1_46' title='bbox 165 625 225 670; x_wconf 92' lang='lat' dir='ltr'>non</span> <span class='ocrx_word' id='word_1_47' title='bbox 247 605 390 688; x_wconf 91' lang='lat' dir='ltr'>possunt,</span> <span class='ocrx_word' id='word_1_48' title='bbox 420 604 521 688; x_wconf 89' lang='lat' dir='ltr'>juncti</span> <span class='ocrx_word' id='word_1_49' title='bbox 555 610 586 669; x_wconf 91' lang='lat' dir='ltr'>et</span> <span class='ocrx_word' id='word_1_50' title='bbox 620 603 785 669; x_wconf 88' lang='lat' dir='ltr'>consociati</span> <span class='ocrx_word' id='word_1_51' title='bbox 819 624 887 668; x_wconf 89' lang='lat' dir='ltr'>cum</span> <span class='ocrx_word' id='word_1_52' title='bbox 919 603 1027 669; x_wconf 87' lang='lat' dir='ltr'>alteris</span> <span class='ocrx_word' id='word_1_53' title='bbox 1049 605 1261 687; x_wconf 90' lang='lat' dir='ltr'>assequuntur.</span> <span class='ocrx_word' id='word_1_54' title='bbox 1307 606 1398 670; x_wconf 90' lang='lat' dir='ltr'>Nunc</span> <span class='ocrx_word' id='word_1_55' title='bbox 1429 651 1432 657; x_wconf 33' lang='grc' dir='ltr'><strong><em>ι</em></strong></span> <span class='ocrx_word' id='word_1_56' title='bbox 1491 669 1493 676; x_wconf 80' lang='grc'>,</span> 
     </span>
    </p>
   </div>
   <div class='ocr_carea' id='block_1_5' title="bbox 163 706 1396 1001">
    <p class='ocr_par' dir='ltr' id='par_1_5' title="bbox 163 706 1396 1001">
     <span class='ocr_line' id='line_1_6' title="bbox 167 706 1396 793; baseline -0.002 -18"><span class='ocrx_word' id='word_1_57' title='bbox 167 728 243 787; x_wconf 85' lang='lat' dir='ltr'>uero,</span> <span class='ocrx_word' id='word_1_58' title='bbox 267 726 364 790; x_wconf 90' lang='lat' dir='ltr'>neque</span> <span class='ocrx_word' id='word_1_59' title='bbox 386 707 514 773; x_wconf 81' lang='lat' dir='ltr'>existere</span> <span class='ocrx_word' id='word_1_60' title='bbox 537 728 632 791; x_wconf 90' lang='lat' dir='ltr'>neque</span> <span class='ocrx_word' id='word_1_61' title='bbox 656 708 790 793; x_wconf 85' lang='lat' dir='ltr'>intelligi</span> <span class='ocrx_word' id='word_1_62' title='bbox 813 709 943 774; x_wconf 92' lang='lat' dir='ltr'>societas</span> <span class='ocrx_word' id='word_1_63' title='bbox 965 709 1076 792; x_wconf 85' lang='lat' dir='ltr'>potest,</span> <span class='ocrx_word' id='word_1_64' title='bbox 1097 706 1129 772; x_wconf 93' lang='lat' dir='ltr'>in</span> <span class='ocrx_word' id='word_1_65' title='bbox 1142 728 1203 792; x_wconf 90' lang='lat' dir='ltr'>qua</span> <span class='ocrx_word' id='word_1_66' title='bbox 1213 728 1273 775; x_wconf 92' lang='lat' dir='ltr'>non</span> <span class='ocrx_word' id='word_1_67' title='bbox 1285 709 1396 793; x_wconf 88' lang='lat' dir='ltr'>aliquis</span> 
     </span>
     <span class='ocr_line' id='line_1_7' title="bbox 163 812 1395 897; baseline 0.002 -20"><span class='ocrx_word' id='word_1_68' title='bbox 163 816 315 895; x_wconf 88' lang='lat' dir='ltr'>temperet</span> <span class='ocrx_word' id='word_1_69' title='bbox 343 812 549 897; x_wconf 70' lang='lat' dir='ltr'>singulorum,</span> <span class='ocrx_word' id='word_1_70' title='bbox 564 813 757 891; x_wconf 87' lang='lat' dir='ltr'>voluntates,</span> <span class='ocrx_word' id='word_1_71' title='bbox 791 814 826 878; x_wconf 91' lang='lat' dir='ltr'>ut</span> <span class='ocrx_word' id='word_1_72' title='bbox 861 813 945 879; x_wconf 86' lang='lat' dir='ltr'>uelut</span> <span class='ocrx_word' id='word_1_73' title='bbox 978 832 1073 878; x_wconf 91' lang='lat' dir='ltr'>unum</span> <span class='ocrx_word' id='word_1_74' title='bbox 1106 812 1164 878; x_wconf 90' lang='lat' dir='ltr'>fiat</span> <span class='ocrx_word' id='word_1_75' title='bbox 1187 832 1222 878; x_wconf 87' lang='lat' dir='ltr'>ex</span> <span class='ocrx_word' id='word_1_76' title='bbox 1246 814 1395 897; x_wconf 86' lang='lat' dir='ltr'>pluribus,</span> 
     </span>
     <span class='ocr_line' id='line_1_8' title="bbox 163 911 1396 1001; baseline 0.002 -22"><span class='ocrx_word' id='word_1_77' title='bbox 163 935 274 998; x_wconf 89' lang='lat' dir='ltr'>easque</span> <span class='ocrx_word' id='word_1_78' title='bbox 295 915 333 979; x_wconf 90' lang='lat' dir='ltr'>ad</span> <span class='ocrx_word' id='word_1_79' title='bbox 356 911 516 979; x_wconf 85' lang='lat' dir='ltr'>commune</span> <span class='ocrx_word' id='word_1_80' title='bbox 538 916 650 980; x_wconf 91' lang='lat' dir='ltr'>bonum</span> <span class='ocrx_word' id='word_1_81' title='bbox 673 919 754 980; x_wconf 90' lang='lat' dir='ltr'>recte</span> <span class='ocrx_word' id='word_1_82' title='bbox 777 918 871 1000; x_wconf 89' lang='lat' dir='ltr'>atque</span> <span class='ocrx_word' id='word_1_83' title='bbox 887 915 992 982; x_wconf 91' lang='lat' dir='ltr'>ordine</span> <span class='ocrx_word' id='word_1_84' title='bbox 1007 916 1164 999; x_wconf 88' lang='lat' dir='ltr'>impellat:</span> <span class='ocrx_word' id='word_1_85' title='bbox 1190 916 1396 1001; x_wconf 86' lang='lat' dir='ltr'>voluitigitur</span> 
     </span>
    </p>
   </div>
   <div class='ocr_carea' id='block_1_6' title="bbox 39 1018 1395 1103">
    <p class='ocr_par' dir='ltr' id='par_1_6' title="bbox 39 1018 1395 1103">
     <span class='ocr_line' id='line_1_9' title="bbox 39 1018 1395 1103; baseline 0.002 -20"><span class='ocrx_word' id='word_1_86' title='bbox 39 1044 44 1067; x_wconf 87' lang='lat'>·</span> <span class='ocrx_word' id='word_1_87' title='bbox 163 1019 246 1085; x_wconf 90' lang='lat' dir='ltr'>Deus</span> <span class='ocrx_word' id='word_1_88' title='bbox 281 1021 317 1083; x_wconf 92' lang='lat' dir='ltr'>ut</span> <span class='ocrx_word' id='word_1_89' title='bbox 350 1018 384 1082; x_wconf 89' lang='lat' dir='ltr'>iri</span> <span class='ocrx_word' id='word_1_90' title='bbox 412 1018 494 1083; x_wconf 83' lang='lat' dir='ltr'>civili</span> <span class='ocrx_word' id='word_1_91' title='bbox 524 1019 669 1084; x_wconf 89' lang='lat' dir='ltr'>socictate</span> <span class='ocrx_word' id='word_1_92' title='bbox 693 1022 812 1097; x_wconf 89' lang='lat' dir='ltr'>essent,</span> <span class='ocrx_word' id='word_1_93' title='bbox 845 1020 898 1103; x_wconf 88' lang='lat' dir='ltr'>qui</span> <span class='ocrx_word' id='word_1_94' title='bbox 921 1019 1115 1085; x_wconf 85' lang='lat' dir='ltr'>multitudini</span> <span class='ocrx_word' id='word_1_95' title='bbox 1133 1018 1329 1103; x_wconf 88' lang='lat' dir='ltr'>imperarent.</span> <span class='ocrx_word' id='word_1_96' title='bbox 1354 1059 1395 1069; x_wconf 90' lang='lat'>-·</span> 
     </span>
    </p>
   </div>
   <div class='ocr_carea' id='block_1_7' title="bbox 108 1121 1395 3279">
    <p class='ocr_par' dir='ltr' id='par_1_7' title="bbox 108 1121 1395 2869">
     <span class='ocr_line' id='line_1_10' title="bbox 161 1121 1395 1206; baseline 0.001 -19"><span class='ocrx_word' id='word_1_97' title='bbox 161 1122 266 1206; x_wconf 81' lang='lat' dir='ltr'>Atque</span> <span class='ocrx_word' id='word_1_98' title='bbox 288 1121 365 1199; x_wconf 83' lang='lat' dir='ltr'>illud</span> <span class='ocrx_word' id='word_1_99' title='bbox 389 1121 483 1186; x_wconf 88' lang='lat' dir='ltr'>etiam</span> <span class='ocrx_word' id='word_1_100' title='bbox 507 1142 692 1206; x_wconf 86' lang='lat' dir='ltr'>magnopere</span> <span class='ocrx_word' id='word_1_101' title='bbox 717 1122 810 1201; x_wconf 87' lang='lat' dir='ltr'>valet,</span> <span class='ocrx_word' id='word_1_102' title='bbox 835 1122 914 1206; x_wconf 88' lang='lat' dir='ltr'>quod</span> <span class='ocrx_word' id='word_1_103' title='bbox 937 1123 969 1201; x_wconf 91' lang='lat' dir='ltr'>ii,</span> <span class='ocrx_word' id='word_1_104' title='bbox 994 1142 1121 1206; x_wconf 90' lang='lat' dir='ltr'>quorum</span> <span class='ocrx_word' id='word_1_105' title='bbox 1147 1123 1331 1188; x_wconf 87' lang='lat' dir='ltr'>auctoritate</span> <span class='ocrx_word' id='word_1_106' title='bbox 1347 1144 1395 1189; x_wconf 90' lang='lat' dir='ltr'>re-</span> 
     </span>
     <span class='ocr_line' id='line_1_11' title="bbox 159 1224 1394 1310; baseline 0.002 -19"><span class='ocrx_word' id='word_1_107' title='bbox 159 1225 302 1310; x_wconf 89' lang='lat' dir='ltr'>spublica</span> <span class='ocrx_word' id='word_1_108' title='bbox 324 1224 573 1305; x_wconf 87' lang='lat' dir='ltr'>administratur,</span> <span class='ocrx_word' id='word_1_109' title='bbox 605 1226 717 1291; x_wconf 89' lang='lat' dir='ltr'>debent</span> <span class='ocrx_word' id='word_1_110' title='bbox 741 1227 823 1291; x_wconf 87' lang='lat' dir='ltr'>eires</span> <span class='ocrx_word' id='word_1_111' title='bbox 845 1227 891 1291; x_wconf 88' lang='lat' dir='ltr'>ita</span> <span class='ocrx_word' id='word_1_112' title='bbox 912 1245 999 1309; x_wconf 90' lang='lat' dir='ltr'>posse</span> <span class='ocrx_word' id='word_1_113' title='bbox 1022 1245 1130 1310; x_wconf 91' lang='lat' dir='ltr'>cogere</span> <span class='ocrx_word' id='word_1_114' title='bbox 1153 1226 1193 1292; x_wconf 89' lang='lat' dir='ltr'>ad</span> <span class='ocrx_word' id='word_1_115' title='bbox 1214 1228 1394 1310; x_wconf 88' lang='lat' dir='ltr'>parendum,</span> 
     </span>
     <span class='ocr_line' id='line_1_12' title="bbox 108 1330 1393 1413; baseline 0.003 -18"><span class='ocrx_word' id='word_1_116' title='bbox 108 1334 111 1341; x_wconf 83' lang='grc'><strong>“</strong></span> <span class='ocrx_word' id='word_1_117' title='bbox 158 1333 195 1395; x_wconf 90' lang='lat' dir='ltr'>ut</span> <span class='ocrx_word' id='word_1_118' title='bbox 219 1330 267 1395; x_wconf 91' lang='lat' dir='ltr'>his</span> <span class='ocrx_word' id='word_1_119' title='bbox 290 1330 379 1412; x_wconf 88' lang='lat' dir='ltr'>plane</span> <span class='ocrx_word' id='word_1_120' title='bbox 402 1330 559 1413; x_wconf 89' lang='lat' dir='ltr'>peccatum</span> <span class='ocrx_word' id='word_1_121' title='bbox 583 1330 705 1396; x_wconf 91' lang='lat' dir='ltr'>sitnon</span> <span class='ocrx_word' id='word_1_122' title='bbox 729 1350 843 1413; x_wconf 89' lang='lat' dir='ltr'>parere.</span> <span class='ocrx_word' id='word_1_123' title='bbox 875 1331 974 1396; x_wconf 88' lang='lat' dir='ltr'>Nemo</span> <span class='ocrx_word' id='word_1_124' title='bbox 996 1332 1099 1396; x_wconf 91' lang='lat' dir='ltr'>autern</span> <span class='ocrx_word' id='word_1_125' title='bbox 1124 1331 1282 1397; x_wconf 93' lang='lat' dir='ltr'>hominum</span> <span class='ocrx_word' id='word_1_126' title='bbox 1298 1333 1393 1399; x_wconf 87' lang='lat' dir='ltr'>habet</span> 
     </span>
     <span class='ocr_line' id='line_1_13' title="bbox 158 1433 1393 1521; baseline 0.002 -23"><span class='ocrx_word' id='word_1_127' title='bbox 158 1435 193 1521; x_wconf 91' lang='lat' dir='ltr'>in</span> <span class='ocrx_word' id='word_1_128' title='bbox 216 1453 248 1498; x_wconf 91' lang='lat' dir='ltr'>se</span> <span class='ocrx_word' id='word_1_129' title='bbox 270 1436 324 1497; x_wconf 88' lang='lat' dir='ltr'>aut</span> <span class='ocrx_word' id='word_1_130' title='bbox 346 1453 382 1498; x_wconf 80' lang='lat' dir='ltr'>er</span> <span class='ocrx_word' id='word_1_131' title='bbox 404 1453 446 1511; x_wconf 87' lang='lat' dir='ltr'>se,</span> <span class='ocrx_word' id='word_1_132' title='bbox 471 1434 550 1498; x_wconf 92' lang='lat' dir='ltr'>unde</span> <span class='ocrx_word' id='word_1_133' title='bbox 573 1434 668 1517; x_wconf 89' lang='lat' dir='ltr'>possit</span> <span class='ocrx_word' id='word_1_134' title='bbox 692 1433 869 1516; x_wconf 92' lang='lat' dir='ltr'>hujusmodi</span> <span class='ocrx_word' id='word_1_135' title='bbox 892 1434 1012 1517; x_wconf 90' lang='lat' dir='ltr'>imperii</span> <span class='ocrx_word' id='word_1_136' title='bbox 1034 1433 1164 1499; x_wconf 87' lang='lat' dir='ltr'>vinculis</span> <span class='ocrx_word' id='word_1_137' title='bbox 1186 1435 1317 1500; x_wconf 88' lang='lat' dir='ltr'>liberam</span> <span class='ocrx_word' id='word_1_138' title='bbox 1341 1456 1393 1501; x_wconf 89' lang='lat' dir='ltr'>co·</span> 
     </span>
     <span class='ocr_line' id='line_1_14' title="bbox 158 1528 1394 1622; baseline 0.003 -22"><span class='ocrx_word' id='word_1_139' title='bbox 158 1537 295 1602; x_wconf 85' lang='lat' dir='ltr'>terarum</span> <span class='ocrx_word' id='word_1_140' title='bbox 316 1537 507 1601; x_wconf 87' lang='lat' dir='ltr'>voluntatem</span> <span class='ocrx_word' id='word_1_141' title='bbox 532 1537 749 1621; x_wconf 77' lang='lat' dir='ltr'>constringere.</span> <span class='ocrx_word' id='word_1_142' title='bbox 801 1536 893 1602; x_wconf 85' lang='lat' dir='ltr'>Unice</span> <span class='ocrx_word' id='word_1_143' title='bbox 922 1556 1024 1601; x_wconf 91' lang='lat' dir='ltr'>rernm</span> <span class='ocrx_word' id='word_1_144' title='bbox 1047 1528 1184 1602; x_wconf 89' lang='lat' dir='ltr'>omnium</span> <span class='ocrx_word' id='word_1_145' title='bbox 1207 1540 1394 1622; x_wconf 81' lang='lat' dir='ltr'>procucatori</span> 
     </span>
     <span class='ocr_line' id='line_1_15' title="bbox 159 1640 1393 1725; baseline 0.001 -20"><span class='ocrx_word' id='word_1_146' title='bbox 159 1642 193 1705; x_wconf 88' lang='lat' dir='ltr'>et</span> <span class='ocrx_word' id='word_1_147' title='bbox 215 1640 382 1725; x_wconf 86' lang='lat' dir='ltr'>legislatori</span> <span class='ocrx_word' id='word_1_148' title='bbox 402 1646 465 1703; x_wconf 90' lang='lat' dir='ltr'>Deo</span> <span class='ocrx_word' id='word_1_149' title='bbox 483 1658 517 1703; x_wconf 88' lang='lat' dir='ltr'>ea</span> <span class='ocrx_word' id='word_1_150' title='bbox 532 1642 667 1722; x_wconf 88' lang='lat' dir='ltr'>potestas</span> <span class='ocrx_word' id='word_1_151' title='bbox 684 1642 747 1706; x_wconf 86' lang='lat' dir='ltr'>est:</span> <span class='ocrx_word' id='word_1_152' title='bbox 770 1660 861 1723; x_wconf 89' lang='lat' dir='ltr'>quam</span> <span class='ocrx_word' id='word_1_153' title='bbox 878 1640 931 1724; x_wconf 91' lang='lat' dir='ltr'>qui</span> <span class='ocrx_word' id='word_1_154' title='bbox 946 1642 1097 1719; x_wconf 81' lang='lat' dir='ltr'>exercent,</span> <span class='ocrx_word' id='word_1_155' title='bbox 1120 1643 1279 1724; x_wconf 90' lang='lat' dir='ltr'>tamquam</span> <span class='ocrx_word' id='word_1_156' title='bbox 1295 1662 1312 1706; x_wconf 91' lang='lat' dir='ltr'>a</span> <span class='ocrx_word' id='word_1_157' title='bbox 1331 1641 1393 1707; x_wconf 88' lang='lat' dir='ltr'>Deo</span> 
     </span>
     <span class='ocr_line' id='line_1_16' title="bbox 160 1743 1391 1828; baseline 0.003 -19"><span class='ocrx_word' id='word_1_158' title='bbox 160 1764 263 1809; x_wconf 89' lang='lat' dir='ltr'>secum</span> <span class='ocrx_word' id='word_1_159' title='bbox 275 1744 531 1809; x_wconf 90' lang='lat' dir='ltr'>communicatam</span> <span class='ocrx_word' id='word_1_160' title='bbox 543 1745 702 1809; x_wconf 83' lang='lat' dir='ltr'>exerceant</span> <span class='ocrx_word' id='word_1_161' title='bbox 711 1762 833 1809; x_wconf 90' lang='lat' dir='ltr'>necesse</span> <span class='ocrx_word' id='word_1_162' title='bbox 845 1746 901 1809; x_wconf 91' lang='lat' dir='ltr'>est.</span> <span class='ocrx_word' id='word_1_163' title='bbox 924 1743 1391 1828; x_wconf 75' lang='lat' dir='ltr'>Uuasestlcptslotoretjudex,</span> 
     </span>
     <span class='ocr_line' id='line_1_17' title="bbox 159 1844 1391 1938; baseline 0.001 -26"><span class='ocrx_word' id='word_1_164' title='bbox 159 1850 214 1930; x_wconf 77' lang='lat' dir='ltr'>qui</span> <span class='ocrx_word' id='word_1_165' title='bbox 229 1854 330 1929; x_wconf 82' lang='lat' dir='ltr'>potest</span> <span class='ocrx_word' id='word_1_166' title='bbox 345 1848 480 1930; x_wconf 80' lang='lat' dir='ltr'>perdere</span> <span class='ocrx_word' id='word_1_167' title='bbox 501 1854 531 1913; x_wconf 83' lang='lat' dir='ltr'>et</span> <span class='ocrx_word' id='word_1_168' title='bbox 551 1848 684 1913; x_wconf 81' lang='lat' dir='ltr'>liberare</span> <span class='ocrx_word' id='word_1_169' title='bbox 704 1844 979 1932; x_wconf 75' lang='lat' dir='ltr'>(Jacob.1V,l2l.</span> <span class='ocrx_word' id='word_1_170' title='bbox 1012 1845 1099 1926; x_wconf 82' lang='lat' dir='ltr'>Quod</span> <span class='ocrx_word' id='word_1_171' title='bbox 1110 1848 1294 1938; x_wconf 82' lang='lat' dir='ltr'>perspicitur</span> <span class='ocrx_word' id='word_1_172' title='bbox 1308 1849 1391 1913; x_wconf 89' lang='lat' dir='ltr'>idern</span> 
     </span>
     <span class='ocr_line' id='line_1_18' title="bbox 159 1950 1392 2036; baseline 0.002 -22"><span class='ocrx_word' id='word_1_173' title='bbox 159 1952 192 2017; x_wconf 95' lang='lat' dir='ltr'>in</span> <span class='ocrx_word' id='word_1_174' title='bbox 215 1950 297 2017; x_wconf 94' lang='lat' dir='ltr'>omni</span> <span class='ocrx_word' id='word_1_175' title='bbox 319 1971 428 2036; x_wconf 89' lang='lat' dir='ltr'>genere</span> <span class='ocrx_word' id='word_1_176' title='bbox 450 1952 623 2035; x_wconf 89' lang='lat' dir='ltr'>potestatis.</span> <span class='ocrx_word' id='word_1_177' title='bbox 670 1952 755 2030; x_wconf 78' lang='lat' dir='ltr'>Eam,</span> <span class='ocrx_word' id='word_1_178' title='bbox 780 1971 858 2035; x_wconf 90' lang='lat' dir='ltr'>qnae</span> <span class='ocrx_word' id='word_1_179' title='bbox 882 1952 910 2015; x_wconf 91' lang='lat' dir='ltr'>in</span> <span class='ocrx_word' id='word_1_180' title='bbox 932 1952 1141 2017; x_wconf 88' lang='lat' dir='ltr'>sacerdotibus</span> <span class='ocrx_word' id='word_1_181' title='bbox 1164 1954 1220 2030; x_wconf 89' lang='lat' dir='ltr'>est,</span> <span class='ocrx_word' id='word_1_182' title='bbox 1241 1951 1392 2035; x_wconf 89' lang='lat' dir='ltr'>proficisci</span> 
     </span>
     <span class='ocr_line' id='line_1_19' title="bbox 160 2053 1391 2141; baseline 0 -20"><span class='ocrx_word' id='word_1_183' title='bbox 160 2076 179 2121; x_wconf 89' lang='lat' dir='ltr'>a</span> <span class='ocrx_word' id='word_1_184' title='bbox 201 2056 263 2121; x_wconf 89' lang='lat' dir='ltr'>Deo</span> <span class='ocrx_word' id='word_1_185' title='bbox 286 2059 351 2122; x_wconf 91' lang='lat' dir='ltr'>tam</span> <span class='ocrx_word' id='word_1_186' title='bbox 376 2059 424 2121; x_wconf 84' lang='lat' dir='ltr'>est</span> <span class='ocrx_word' id='word_1_187' title='bbox 446 2054 613 2139; x_wconf 88' lang='lat' dir='ltr'>cognitum,</span> <span class='ocrx_word' id='word_1_188' title='bbox 638 2058 673 2120; x_wconf 88' lang='lat' dir='ltr'>ut</span> <span class='ocrx_word' id='word_1_189' title='bbox 695 2056 717 2119; x_wconf 92' lang='lat' dir='ltr'>ii</span> <span class='ocrx_word' id='word_1_190' title='bbox 741 2056 822 2139; x_wconf 91' lang='lat' dir='ltr'>apud</span> <span class='ocrx_word' id='word_1_191' title='bbox 845 2075 950 2122; x_wconf 87' lang='lat' dir='ltr'>ornnes</span> <span class='ocrx_word' id='word_1_192' title='bbox 972 2058 1100 2141; x_wconf 91' lang='lat' dir='ltr'>populos</span> <span class='ocrx_word' id='word_1_193' title='bbox 1122 2056 1257 2121; x_wconf 89' lang='lat' dir='ltr'>ministri</span> <span class='ocrx_word' id='word_1_194' title='bbox 1280 2058 1312 2121; x_wconf 94' lang='lat' dir='ltr'>et</span> <span class='ocrx_word' id='word_1_195' title='bbox 1334 2053 1391 2121; x_wconf 91' lang='lat' dir='ltr'>ha-</span> 
     </span>
     <span class='ocr_line' id='line_1_20' title="bbox 159 2156 1391 2243; baseline 0.001 -19"><span class='ocrx_word' id='word_1_196' title='bbox 159 2162 289 2226; x_wconf 85' lang='lat' dir='ltr'>beantur</span> <span class='ocrx_word' id='word_1_197' title='bbox 310 2159 557 2243; x_wconf 83' lang='lat' dir='ltr'>ctappellentur</span> <span class='ocrx_word' id='word_1_198' title='bbox 582 2158 648 2225; x_wconf 92' lang='lat' dir='ltr'>Dei.</span> <span class='ocrx_word' id='word_1_199' title='bbox 701 2156 851 2225; x_wconf 86' lang='lat' dir='ltr'>Similiter</span> <span class='ocrx_word' id='word_1_200' title='bbox 880 2162 1016 2242; x_wconf 88' lang='lat' dir='ltr'>potestas</span> <span class='ocrx_word' id='word_1_201' title='bbox 1048 2160 1308 2242; x_wconf 86' lang='lat' dir='ltr'>patrumfamilias</span> <span class='ocrx_word' id='word_1_202' title='bbox 1341 2178 1391 2225; x_wconf 87' lang='lat' dir='ltr'>ex-</span> 
     </span>
     <span class='ocr_line' id='line_1_21' title="bbox 159 2262 1393 2348; baseline 0 -20"><span class='ocrx_word' id='word_1_203' title='bbox 159 2282 293 2347; x_wconf 84' lang='lat' dir='ltr'>pressam</span> <span class='ocrx_word' id='word_1_204' title='bbox 315 2262 427 2329; x_wconf 90' lang='lat' dir='ltr'>retinet</span> <span class='ocrx_word' id='word_1_205' title='bbox 447 2262 612 2346; x_wconf 89' lang='lat' dir='ltr'>quamdam</span> <span class='ocrx_word' id='word_1_206' title='bbox 636 2262 771 2347; x_wconf 84' lang='lat' dir='ltr'>effigiem</span> <span class='ocrx_word' id='word_1_207' title='bbox 793 2282 828 2328; x_wconf 90' lang='lat' dir='ltr'>ac</span> <span class='ocrx_word' id='word_1_208' title='bbox 850 2264 980 2329; x_wconf 78' lang='lat' dir='ltr'>formam</span> <span class='ocrx_word' id='word_1_209' title='bbox 1003 2263 1214 2343; x_wconf 86' lang='lat' dir='ltr'>auctoritatis,</span> <span class='ocrx_word' id='word_1_210' title='bbox 1243 2282 1321 2348; x_wconf 88' lang='lat' dir='ltr'>quae</span> <span class='ocrx_word' id='word_1_211' title='bbox 1344 2265 1393 2329; x_wconf 90' lang='lat' dir='ltr'>est</span> 
     </span>
     <span class='ocr_line' id='line_1_22' title="bbox 160 2367 1392 2450; baseline 0 -19"><span class='ocrx_word' id='word_1_212' title='bbox 160 2369 191 2432; x_wconf 91' lang='lat' dir='ltr'>in</span> <span class='ocrx_word' id='word_1_213' title='bbox 219 2368 297 2444; x_wconf 90' lang='lat' dir='ltr'>Dec,</span> <span class='ocrx_word' id='word_1_214' title='bbox 330 2391 349 2433; x_wconf 86' lang='lat' dir='ltr'>c</span> <span class='ocrx_word' id='word_1_215' title='bbox 380 2388 438 2450; x_wconf 75' lang='lat' dir='ltr'>uuo</span> <span class='ocrx_word' id='word_1_216' title='bbox 468 2368 569 2433; x_wconf 83' lang='lat' dir='ltr'>omnis</span> <span class='ocrx_word' id='word_1_217' title='bbox 591 2368 771 2449; x_wconf 83' lang='lat' dir='ltr'>paternitas</span> <span class='ocrx_word' id='word_1_218' title='bbox 802 2367 838 2433; x_wconf 82' lang='lat' dir='ltr'>iu</span> <span class='ocrx_word' id='word_1_219' title='bbox 867 2368 962 2433; x_wconf 80' lang='lat' dir='ltr'>ccctis</span> <span class='ocrx_word' id='word_1_220' title='bbox 991 2374 1019 2433; x_wconf 85' lang='lat' dir='ltr'>et</span> <span class='ocrx_word' id='word_1_221' title='bbox 1046 2368 1082 2433; x_wconf 84' lang='lat' dir='ltr'>o&#39;u</span> <span class='ocrx_word' id='word_1_222' title='bbox 1102 2374 1189 2433; x_wconf 80' lang='lat' dir='ltr'>terra</span> <span class='ocrx_word' id='word_1_223' title='bbox 1209 2368 1392 2450; x_wconf 70' lang='lat' dir='ltr'>cominatur</span> 
     </span>
     <span class='ocr_line' id='line_1_23' title="bbox 159 2470 1392 2556; baseline -0.002 -20"><span class='ocrx_word' id='word_1_224' title='bbox 159 2471 220 2554; x_wconf 83' lang='lat' dir='ltr'>(Ad</span> <span class='ocrx_word' id='word_1_225' title='bbox 244 2472 353 2556; x_wconf 83' lang='lat' dir='ltr'>llphes.</span> <span class='ocrx_word' id='word_1_226' title='bbox 377 2470 435 2549; x_wconf 90' lang='lat' dir='ltr'>Ill,</span> <span class='ocrx_word' id='word_1_227' title='bbox 461 2472 523 2551; x_wconf 77' lang='lat'>15).</span> <span class='ocrx_word' id='word_1_228' title='bbox 570 2470 634 2535; x_wconf 90' lang='lat' dir='ltr'>Istc</span> <span class='ocrx_word' id='word_1_229' title='bbox 669 2474 773 2535; x_wconf 87' lang='lat' dir='ltr'>autem</span> <span class='ocrx_word' id='word_1_230' title='bbox 807 2470 897 2535; x_wconf 93' lang='lat' dir='ltr'>modo</span> <span class='ocrx_word' id='word_1_231' title='bbox 930 2471 1051 2536; x_wconf 88' lang='lat' dir='ltr'>diversa</span> <span class='ocrx_word' id='word_1_232' title='bbox 1084 2490 1197 2555; x_wconf 90' lang='lat' dir='ltr'>genera</span> <span class='ocrx_word' id='word_1_233' title='bbox 1229 2470 1392 2552; x_wconf 88' lang='lat' dir='ltr'>potestatis</span> 
     </span>
     <span class='ocr_line' id='line_1_24' title="bbox 157 2573 1391 2657; baseline -0.002 -16"><span class='ocrx_word' id='word_1_234' title='bbox 157 2576 251 2641; x_wconf 89' lang='lat' dir='ltr'>miras</span> <span class='ocrx_word' id='word_1_235' title='bbox 273 2576 355 2641; x_wconf 88' lang='lat' dir='ltr'>inter</span> <span class='ocrx_word' id='word_1_236' title='bbox 374 2594 405 2641; x_wconf 91' lang='lat' dir='ltr'>se</span> <span class='ocrx_word' id='word_1_237' title='bbox 427 2574 542 2639; x_wconf 85' lang='lat' dir='ltr'>habent</span> <span class='ocrx_word' id='word_1_238' title='bbox 565 2573 820 2652; x_wconf 78' lang='lat' dir='ltr'>similitudines,</span> <span class='ocrx_word' id='word_1_239' title='bbox 839 2593 909 2639; x_wconf 90' lang='lat' dir='ltr'>cum</span> <span class='ocrx_word' id='word_1_240' title='bbox 937 2573 1087 2657; x_wconf 89' lang='lat' dir='ltr'>quidquid</span> <span class='ocrx_word' id='word_1_241' title='bbox 1118 2574 1237 2657; x_wconf 91' lang='lat' dir='ltr'>uspiam</span> <span class='ocrx_word' id='word_1_242' title='bbox 1263 2578 1311 2638; x_wconf 88' lang='lat' dir='ltr'>est</span> <span class='ocrx_word' id='word_1_243' title='bbox 1332 2573 1391 2638; x_wconf 94' lang='lat' dir='ltr'>im-</span> 
     </span>
     <span class='ocr_line' id='line_1_25' title="bbox 157 2677 1390 2763; baseline -0.002 -18"><span class='ocrx_word' id='word_1_244' title='bbox 157 2680 234 2763; x_wconf 92' lang='lat' dir='ltr'>perii</span> <span class='ocrx_word' id='word_1_245' title='bbox 258 2683 290 2745; x_wconf 89' lang='lat' dir='ltr'>et</span> <span class='ocrx_word' id='word_1_246' title='bbox 313 2679 518 2758; x_wconf 87' lang='lat' dir='ltr'>auctoritatis,</span> <span class='ocrx_word' id='word_1_247' title='bbox 543 2678 608 2763; x_wconf 87' lang='lat' dir='ltr'>ejus</span> <span class='ocrx_word' id='word_1_248' title='bbox 629 2680 667 2743; x_wconf 89' lang='lat' dir='ltr'>ab</span> <span class='ocrx_word' id='word_1_249' title='bbox 691 2700 750 2745; x_wconf 90' lang='lat' dir='ltr'>uno</span> <span class='ocrx_word' id='word_1_250' title='bbox 773 2679 939 2763; x_wconf 90' lang='lat' dir='ltr'>eodemque</span> <span class='ocrx_word' id='word_1_251' title='bbox 961 2678 1068 2745; x_wconf 90' lang='lat' dir='ltr'>mundi</span> <span class='ocrx_word' id='word_1_252' title='bbox 1087 2677 1196 2762; x_wconf 88' lang='lat' dir='ltr'>opifice</span> <span class='ocrx_word' id='word_1_253' title='bbox 1212 2680 1244 2743; x_wconf 87' lang='lat' dir='ltr'>et</span> <span class='ocrx_word' id='word_1_254' title='bbox 1257 2678 1390 2756; x_wconf 86' lang='lat' dir='ltr'>domino,</span> 
     </span>
     <span class='ocr_line' id='line_1_26' title="bbox 156 2781 665 2869; baseline 0.002 -22"><span class='ocrx_word' id='word_1_255' title='bbox 156 2783 210 2869; x_wconf 89' lang='lat' dir='ltr'>qui</span> <span class='ocrx_word' id='word_1_256' title='bbox 231 2783 313 2848; x_wconf 90' lang='lat' dir='ltr'>Deus</span> <span class='ocrx_word' id='word_1_257' title='bbox 335 2785 392 2859; x_wconf 88' lang='lat' dir='ltr'>est,</span> <span class='ocrx_word' id='word_1_258' title='bbox 415 2781 501 2867; x_wconf 89' lang='lat' dir='ltr'>origo</span> <span class='ocrx_word' id='word_1_259' title='bbox 524 2782 665 2849; x_wconf 88' lang='lat' dir='ltr'>ducatur.</span> 
     </span>
    </p>

    <p class='ocr_par' dir='ltr' id='par_1_8' title="bbox 155 2884 1392 3279">
     <span class='ocr_line' id='line_1_27' title="bbox 260 2884 1390 2967; baseline 0.001 -17"><span class='ocrx_word' id='word_1_260' title='bbox 260 2884 457 2967; x_wconf 82' lang='lat' dir='ltr'>Qui&#39;cirilem</span> <span class='ocrx_word' id='word_1_261' title='bbox 473 2885 651 2951; x_wconf 86' lang='lat' dir='ltr'>societatem</span> <span class='ocrx_word' id='word_1_262' title='bbox 668 2906 685 2951; x_wconf 90' lang='lat' dir='ltr'>a</span> <span class='ocrx_word' id='word_1_263' title='bbox 701 2886 798 2952; x_wconf 89' lang='lat' dir='ltr'>libero</span> <span class='ocrx_word' id='word_1_264' title='bbox 817 2887 976 2952; x_wconf 92' lang='lat' dir='ltr'>hominum</span> <span class='ocrx_word' id='word_1_265' title='bbox 993 2906 1141 2952; x_wconf 89' lang='lat' dir='ltr'>consensu</span> <span class='ocrx_word' id='word_1_266' title='bbox 1156 2890 1260 2952; x_wconf 90' lang='lat' dir='ltr'>natam</span> <span class='ocrx_word' id='word_1_267' title='bbox 1274 2886 1390 2964; x_wconf 86' lang='lat' dir='ltr'>volunt,</span> 
     </span>
     <span class='ocr_line' id='line_1_28' title="bbox 157 2988 1391 3074; baseline -0.001 -20"><span class='ocrx_word' id='word_1_268' title='bbox 157 2989 252 3072; x_wconf 90' lang='lat' dir='ltr'>ipsius</span> <span class='ocrx_word' id='word_1_269' title='bbox 271 2988 391 3072; x_wconf 89' lang='lat' dir='ltr'>imperii</span> <span class='ocrx_word' id='word_1_270' title='bbox 414 2989 514 3054; x_wconf 88' lang='lat' dir='ltr'>ortum</span> <span class='ocrx_word' id='word_1_271' title='bbox 538 3009 573 3055; x_wconf 83' lang='lat' dir='ltr'>ex</span> <span class='ocrx_word' id='word_1_272' title='bbox 595 2990 705 3055; x_wconf 85' lang='lat' dir='ltr'>eodum</span> <span class='ocrx_word' id='word_1_273' title='bbox 728 2990 813 3055; x_wconf 86' lang='lat' dir='ltr'>fonte</span> <span class='ocrx_word' id='word_1_274' title='bbox 835 2992 993 3073; x_wconf 87' lang='lat' dir='ltr'>petentes,</span> <span class='ocrx_word' id='word_1_275' title='bbox 1021 2990 1058 3056; x_wconf 90' lang='lat' dir='ltr'>dc</span> <span class='ocrx_word' id='word_1_276' title='bbox 1078 2991 1148 3074; x_wconf 78' lang='lat' dir='ltr'>Jure</span> <span class='ocrx_word' id='word_1_277' title='bbox 1169 3009 1224 3055; x_wconf 88' lang='lat' dir='ltr'>suo</span> <span class='ocrx_word' id='word_1_278' title='bbox 1245 2989 1391 3073; x_wconf 88' lang='lat' dir='ltr'>inquiunt</span> 
     </span>
     <span class='ocr_line' id='line_1_29' title="bbox 157 3091 1392 3176; baseline -0.001 -19"><span class='ocrx_word' id='word_1_279' title='bbox 157 3091 274 3174; x_wconf 87' lang='lat' dir='ltr'>aliquid</span> <span class='ocrx_word' id='word_1_280' title='bbox 298 3110 545 3176; x_wconf 89' lang='lat' dir='ltr'>unumquemque</span> <span class='ocrx_word' id='word_1_281' title='bbox 568 3093 705 3167; x_wconf 84' lang='lat' dir='ltr'>cessisse,</span> <span class='ocrx_word' id='word_1_282' title='bbox 730 3094 762 3157; x_wconf 91' lang='lat' dir='ltr'>et</span> <span class='ocrx_word' id='word_1_283' title='bbox 785 3092 944 3158; x_wconf 88' lang='lat' dir='ltr'>voluntate</span> <span class='ocrx_word' id='word_1_284' title='bbox 966 3092 1105 3176; x_wconf 86' lang='lat' dir='ltr'>singulos</span> <span class='ocrx_word' id='word_1_285' title='bbox 1126 3094 1159 3157; x_wconf 92' lang='lat' dir='ltr'>in</span> <span class='ocrx_word' id='word_1_286' title='bbox 1181 3096 1246 3176; x_wconf 88' lang='lat' dir='ltr'>ejus</span> <span class='ocrx_word' id='word_1_287' title='bbox 1267 3112 1301 3157; x_wconf 91' lang='lat' dir='ltr'>se</span> <span class='ocrx_word' id='word_1_288' title='bbox 1319 3110 1392 3157; x_wconf 89' lang='lat' dir='ltr'>con-</span> 
     </span>
     <span class='ocr_line' id='line_1_30' title="bbox 155 3195 1390 3279; baseline 0.001 -20"><span class='ocrx_word' id='word_1_289' title='bbox 155 3195 264 3261; x_wconf 87' lang='lat' dir='ltr'>tulisse</span> <span class='ocrx_word' id='word_1_290' title='bbox 286 3196 481 3279; x_wconf 88' lang='lat' dir='ltr'>potestatem,</span> <span class='ocrx_word' id='word_1_291' title='bbox 505 3195 544 3260; x_wconf 89' lang='lat' dir='ltr'>ud</span> <span class='ocrx_word' id='word_1_292' title='bbox 566 3212 657 3279; x_wconf 89' lang='lat' dir='ltr'>quem</span> <span class='ocrx_word' id='word_1_293' title='bbox 680 3214 802 3260; x_wconf 88' lang='lat' dir='ltr'>summa</span> <span class='ocrx_word' id='word_1_294' title='bbox 824 3196 948 3261; x_wconf 92' lang='lat' dir='ltr'>illorum</span> <span class='ocrx_word' id='word_1_295' title='bbox 968 3195 1086 3279; x_wconf 88' lang='lat' dir='ltr'>jurium</span> <span class='ocrx_word' id='word_1_296' title='bbox 1102 3196 1298 3279; x_wconf 84' lang='lat' dir='ltr'>pervenisset.</span> <span class='ocrx_word' id='word_1_297' title='bbox 1330 3195 1390 3261; x_wconf 87' lang='lat' dir='ltr'>Sed</span> 
     </span>
    </p>
   </div>
   <div class='ocr_carea' id='block_1_8' title="bbox 157 3299 1534 3390">
    <p class='ocr_par' dir='ltr' id='par_1_9' title="bbox 157 3299 1534 3390">
     <span class='ocr_line' id='line_1_31' title="bbox 157 3299 1534 3390; baseline 0.001 -27"><span class='ocrx_word' id='word_1_298' title='bbox 157 3318 286 3383; x_wconf 89' lang='lat' dir='ltr'>magnus</span> <span class='ocrx_word' id='word_1_299' title='bbox 309 3300 356 3365; x_wconf 84' lang='lat' dir='ltr'>est</span> <span class='ocrx_word' id='word_1_300' title='bbox 378 3318 541 3364; x_wconf 17' lang='lat' dir='ltr'>errorwnon</span> <span class='ocrx_word' id='word_1_301' title='bbox 564 3299 676 3376; x_wconf 89' lang='lat' dir='ltr'>videre,</span> <span class='ocrx_word' id='word_1_302' title='bbox 699 3299 731 3363; x_wconf 92' lang='lat' dir='ltr'>id</span> <span class='ocrx_word' id='word_1_303' title='bbox 755 3299 834 3382; x_wconf 90' lang='lat' dir='ltr'>quod</span> <span class='ocrx_word' id='word_1_304' title='bbox 851 3301 1051 3365; x_wconf 86' lang='lat' dir='ltr'>manifestum</span> <span class='ocrx_word' id='word_1_305' title='bbox 1067 3304 1124 3379; x_wconf 87' lang='lat' dir='ltr'>est,</span> <span class='ocrx_word' id='word_1_306' title='bbox 1147 3300 1296 3377; x_wconf 87' lang='lat' dir='ltr'>homines,</span> <span class='ocrx_word' id='word_1_307' title='bbox 1319 3318 1404 3364; x_wconf 62' lang='lat' dir='ltr'>cum*</span> <span class='ocrx_word' id='word_1_308' title='bbox 1532 3327 1534 3390; x_wconf 53' lang='grc' dir='ltr'>ς</span> 
     </span>
    </p>
   </div>
   <div class='ocr_carea' id='block_1_9' title="bbox 154 3401 1478 4529">
    <p class='ocr_par' dir='ltr' id='par_1_10' title="bbox 154 3401 1478 4529">
     <span class='ocr_line' id='line_1_32' title="bbox 157 3401 1391 3487; baseline 0.002 -22"><span class='ocrx_word' id='word_1_309' title='bbox 157 3422 215 3466; x_wconf 94' lang='lat' dir='ltr'>non</span> <span class='ocrx_word' id='word_1_310' title='bbox 238 3402 301 3469; x_wconf 91' lang='lat' dir='ltr'>sint</span> <span class='ocrx_word' id='word_1_311' title='bbox 323 3402 494 3487; x_wconf 86' lang='lat' dir='ltr'>solivagum</span> <span class='ocrx_word' id='word_1_312' title='bbox 517 3420 625 3487; x_wconf 87' lang='lat' dir='ltr'>genus,</span> <span class='ocrx_word' id='word_1_313' title='bbox 649 3401 727 3467; x_wconf 87' lang='lat' dir='ltr'>citra</span> <span class='ocrx_word' id='word_1_314' title='bbox 749 3402 880 3468; x_wconf 89' lang='lat' dir='ltr'>liberam</span> <span class='ocrx_word' id='word_1_315' title='bbox 903 3403 1040 3486; x_wconf 87' lang='lat' dir='ltr'>ipsomm</span> <span class='ocrx_word' id='word_1_316' title='bbox 1060 3403 1252 3469; x_wconf 83' lang='lat' dir='ltr'>uoluntatem</span> <span class='ocrx_word' id='word_1_317' title='bbox 1276 3401 1314 3466; x_wconf 88' lang='lat' dir='ltr'>ad</span> <span class='ocrx_word' id='word_1_318' title='bbox 1333 3420 1391 3467; x_wconf 89' lang='lat' dir='ltr'>na·</span> 
     </span>
     <span class='ocr_line' id='line_1_33' title="bbox 157 3506 1390 3591; baseline -0.001 -20"><span class='ocrx_word' id='word_1_319' title='bbox 157 3507 288 3572; x_wconf 85' lang='lat' dir='ltr'>turalem</span> <span class='ocrx_word' id='word_1_320' title='bbox 312 3506 565 3574; x_wconf 88' lang='lat' dir='ltr'>communitatem</span> <span class='ocrx_word' id='word_1_321' title='bbox 589 3524 654 3572; x_wconf 83' lang='lat' dir='ltr'>csse</span> <span class='ocrx_word' id='word_1_322' title='bbox 676 3508 781 3571; x_wconf 84' lang='lat' dir='ltr'>natos:</span> <span class='ocrx_word' id='word_1_323' title='bbox 805 3526 840 3572; x_wconf 87' lang='lat' dir='ltr'>ac</span> <span class='ocrx_word' id='word_1_324' title='bbox 864 3509 1020 3591; x_wconf 88' lang='lat' dir='ltr'>praeterea</span> <span class='ocrx_word' id='word_1_325' title='bbox 1044 3507 1178 3590; x_wconf 88' lang='lat' dir='ltr'>pactum,</span> <span class='ocrx_word' id='word_1_326' title='bbox 1200 3506 1280 3591; x_wconf 90' lang='lat' dir='ltr'>qnod</span> <span class='ocrx_word' id='word_1_327' title='bbox 1301 3524 1390 3589; x_wconf 89' lang='lat' dir='ltr'>prae-</span> 
     </span>
     <span class='ocr_line' id='line_1_34' title="bbox 156 3609 1389 3697; baseline -0.002 -22"><span class='ocrx_word' id='word_1_328' title='bbox 156 3609 277 3689; x_wconf 88' lang='lat' dir='ltr'>dicant,</span> <span class='ocrx_word' id='word_1_329' title='bbox 301 3613 349 3676; x_wconf 88' lang='lat' dir='ltr'>est</span> <span class='ocrx_word' id='word_1_330' title='bbox 371 3613 475 3695; x_wconf 89' lang='lat' dir='ltr'>aperte</span> <span class='ocrx_word' id='word_1_331' title='bbox 499 3610 743 3677; x_wconf 89' lang='lat' dir='ltr'>commentitium</span> <span class='ocrx_word' id='word_1_332' title='bbox 767 3613 798 3677; x_wconf 91' lang='lat' dir='ltr'>et</span> <span class='ocrx_word' id='word_1_333' title='bbox 820 3612 944 3689; x_wconf 86' lang='lat' dir='ltr'>lictum,</span> <span class='ocrx_word' id='word_1_334' title='bbox 972 3613 1130 3697; x_wconf 88' lang='lat' dir='ltr'>nequead</span> <span class='ocrx_word' id='word_1_335' title='bbox 1149 3610 1389 3695; x_wconf 89' lang='lat' dir='ltr'>impertiendum</span> 
     </span>
     <span class='ocr_line' id='line_1_35' title="bbox 155 3713 1389 3815; baseline -0.002 -35"><span class='ocrx_word' id='word_1_336' title='bbox 155 3714 238 3781; x_wconf 90' lang='lat' dir='ltr'>valet</span> <span class='ocrx_word' id='word_1_337' title='bbox 271 3714 415 3815; x_wconf 86' lang='lat' dir='ltr'>politicae</span> <span class='ocrx_word' id='word_1_338' title='bbox 448 3716 595 3801; x_wconf 87' lang='lat' dir='ltr'>potestati</span> <span class='ocrx_word' id='word_1_339' title='bbox 629 3717 751 3781; x_wconf 89' lang='lat' dir='ltr'>tantum</span> <span class='ocrx_word' id='word_1_340' title='bbox 789 3715 920 3796; x_wconf 86' lang='lat' dir='ltr'>virium,</span> <span class='ocrx_word' id='word_1_341' title='bbox 958 3716 1141 3801; x_wconf 86' lang='lat' dir='ltr'>dignitatis,</span> <span class='ocrx_word' id='word_1_342' title='bbox 1179 3713 1389 3791; x_wconf 85' lang='lat' dir='ltr'>firmitudinis,</span> 
     </span>
     <span class='ocr_line' id='line_1_36' title="bbox 155 3819 1387 3904; baseline -0.001 -21"><span class='ocrx_word' id='word_1_343' title='bbox 155 3822 305 3902; x_wconf 89' lang='lat' dir='ltr'>quantum</span> <span class='ocrx_word' id='word_1_344' title='bbox 327 3820 426 3885; x_wconf 90' lang='lat' dir='ltr'>tulela</span> <span class='ocrx_word' id='word_1_345' title='bbox 448 3819 634 3904; x_wconf 88' lang='lat' dir='ltr'>reipublicae</span> <span class='ocrx_word' id='word_1_346' title='bbox 657 3823 689 3887; x_wconf 89' lang='lat' dir='ltr'>et</span> <span class='ocrx_word' id='word_1_347' title='bbox 711 3840 887 3887; x_wconf 91' lang='lat' dir='ltr'>communes</span> <span class='ocrx_word' id='word_1_348' title='bbox 909 3822 1022 3887; x_wconf 84' lang='lat' dir='ltr'>ciuium</span> <span class='ocrx_word' id='word_1_349' title='bbox 1046 3822 1201 3886; x_wconf 89' lang='lat' dir='ltr'>utilitates</span> <span class='ocrx_word' id='word_1_350' title='bbox 1217 3819 1387 3903; x_wconf 85' lang='lat' dir='ltr'>requirunt.</span> 
     </span>
     <span class='ocr_line' id='line_1_37' title="bbox 155 3923 1389 4008; baseline -0.002 -19"><span class='ocrx_word' id='word_1_351' title='bbox 155 3924 200 3989; x_wconf 81' lang='lat' dir='ltr'>sa</span> <span class='ocrx_word' id='word_1_352' title='bbox 224 3926 327 3989; x_wconf 90' lang='lat' dir='ltr'>autem</span> <span class='ocrx_word' id='word_1_353' title='bbox 347 3924 457 3989; x_wconf 89' lang='lat' dir='ltr'>decora</span> <span class='ocrx_word' id='word_1_354' title='bbox 486 3926 517 3989; x_wconf 86' lang='lat' dir='ltr'>et</span> <span class='ocrx_word' id='word_1_355' title='bbox 546 3924 700 4008; x_wconf 87' lang='lat' dir='ltr'>praesidia</span> <span class='ocrx_word' id='word_1_356' title='bbox 729 3926 874 3991; x_wconf 81' lang='lat' dir='ltr'>uniuersa</span> <span class='ocrx_word' id='word_1_357' title='bbox 905 3926 980 3990; x_wconf 91' lang='lat' dir='ltr'>tnnc</span> <span class='ocrx_word' id='word_1_358' title='bbox 1013 3925 1113 3990; x_wconf 91' lang='lat' dir='ltr'>solum</span> <span class='ocrx_word' id='word_1_359' title='bbox 1144 3925 1193 3990; x_wconf 93' lang='lat' dir='ltr'>est</span> <span class='ocrx_word' id='word_1_360' title='bbox 1226 3923 1389 3989; x_wconf 89' lang='lat' dir='ltr'>habitums</span> 
     </span>
     <span class='ocr_line' id='line_1_38' title="bbox 155 4026 1389 4114; baseline 0.001 -23"><span class='ocrx_word' id='word_1_361' title='bbox 155 4026 361 4112; x_wconf 86' lang='lat' dir='ltr'>principatus,</span> <span class='ocrx_word' id='word_1_362' title='bbox 392 4027 418 4114; x_wconf 92' lang='lat' dir='ltr'>si</span> <span class='ocrx_word' id='word_1_363' title='bbox 448 4046 467 4093; x_wconf 89' lang='lat' dir='ltr'>a</span> <span class='ocrx_word' id='word_1_364' title='bbox 499 4029 562 4094; x_wconf 89' lang='lat' dir='ltr'>Deo</span> <span class='ocrx_word' id='word_1_365' title='bbox 590 4032 723 4114; x_wconf 88' lang='lat' dir='ltr'>augusto</span> <span class='ocrx_word' id='word_1_366' title='bbox 751 4029 1006 4113; x_wconf 88' lang='lat' dir='ltr'>sanctissimoque</span> <span class='ocrx_word' id='word_1_367' title='bbox 1034 4030 1119 4094; x_wconf 85' lang='lat' dir='ltr'>fonte</span> <span class='ocrx_word' id='word_1_368' title='bbox 1149 4046 1275 4094; x_wconf 87' lang='lat' dir='ltr'>manare</span> <span class='ocrx_word' id='word_1_369' title='bbox 1295 4027 1389 4093; x_wconf 89' lang='lat' dir='ltr'>intel-</span> 
     </span>
     <span class='ocr_line' id='line_1_39' title="bbox 154 4122 1478 4213; baseline 0.001 -21"><span class='ocrx_word' id='word_1_370' title='bbox 154 4122 283 4213; x_wconf 80' lang='lat' dir='ltr'>ligatur.</span> <span class='ocrx_word' id='word_1_371' title='bbox 733 4128 736 4134; x_wconf 79' lang='grc'><strong>’</strong></span> <span class='ocrx_word' id='word_1_372' title='bbox 1473 4128 1478 4138; x_wconf 94' lang='grc'><em>’</em></span> 
     </span>
     <span class='ocr_line' id='line_1_40' title="bbox 258 4230 1388 4320; baseline 0.001 -23"><span class='ocrx_word' id='word_1_373' title='bbox 258 4230 326 4313; x_wconf 84' lang='lat' dir='ltr'>Qua</span> <span class='ocrx_word' id='word_1_374' title='bbox 349 4233 502 4299; x_wconf 88' lang='lat' dir='ltr'>sententia</span> <span class='ocrx_word' id='word_1_375' title='bbox 523 4253 579 4299; x_wconf 91' lang='lat' dir='ltr'>uon</span> <span class='ocrx_word' id='word_1_376' title='bbox 602 4235 692 4301; x_wconf 92' lang='lat' dir='ltr'>modo</span> <span class='ocrx_word' id='word_1_377' title='bbox 712 4236 830 4315; x_wconf 88' lang='lat' dir='ltr'>verior,</span> <span class='ocrx_word' id='word_1_378' title='bbox 853 4236 966 4301; x_wconf 92' lang='lat' dir='ltr'>sedne</span> <span class='ocrx_word' id='word_1_379' title='bbox 989 4234 1095 4301; x_wconf 90' lang='lat' dir='ltr'>utilior</span> <span class='ocrx_word' id='word_1_380' title='bbox 1116 4235 1239 4320; x_wconf 88' lang='lat' dir='ltr'>quidem</span> <span class='ocrx_word' id='word_1_381' title='bbox 1262 4234 1388 4318; x_wconf 89' lang='lat' dir='ltr'>reperiri</span> 
     </span>
     <span class='ocr_line' id='line_1_41' title="bbox 155 4333 1388 4425; baseline 0.005 -28"><span class='ocrx_word' id='word_1_382' title='bbox 155 4333 220 4399; x_wconf 90' lang='lat' dir='ltr'>ulla</span> <span class='ocrx_word' id='word_1_383' title='bbox 242 4337 351 4419; x_wconf 89' lang='lat' dir='ltr'>potest.</span> <span class='ocrx_word' id='word_1_384' title='bbox 397 4338 519 4404; x_wconf 87' lang='lat' dir='ltr'>Iltenim</span> <span class='ocrx_word' id='word_1_385' title='bbox 542 4339 678 4422; x_wconf 89' lang='lat' dir='ltr'>potestas</span> <span class='ocrx_word' id='word_1_386' title='bbox 700 4341 853 4403; x_wconf 89' lang='lat' dir='ltr'>rectorum</span> <span class='ocrx_word' id='word_1_387' title='bbox 876 4339 1027 4419; x_wconf 85' lang='lat' dir='ltr'>ciuitatis,</span> <span class='ocrx_word' id='word_1_388' title='bbox 1056 4340 1084 4405; x_wconf 90' lang='lat' dir='ltr'>si</span> <span class='ocrx_word' id='word_1_389' title='bbox 1105 4340 1256 4425; x_wconf 88' lang='lat' dir='ltr'>quaedam</span> <span class='ocrx_word' id='word_1_390' title='bbox 1275 4340 1322 4405; x_wconf 88' lang='lat' dir='ltr'>est</span> <span class='ocrx_word' id='word_1_391' title='bbox 1340 4339 1388 4403; x_wconf 93' lang='lat' dir='ltr'>di·</span> 
     </span>
     <span class='ocr_line' id='line_1_42' title="bbox 155 4438 1388 4529; baseline 0.008 -28"><span class='ocrx_word' id='word_1_392' title='bbox 155 4438 243 4505; x_wconf 84' lang='lat' dir='ltr'>vinae</span> <span class='ocrx_word' id='word_1_393' title='bbox 269 4440 433 4524; x_wconf 87' lang='lat' dir='ltr'>potcstatis</span> <span class='ocrx_word' id='word_1_394' title='bbox 465 4442 719 4523; x_wconf 87' lang='lat' dir='ltr'>communicatio,</span> <span class='ocrx_word' id='word_1_395' title='bbox 752 4442 791 4508; x_wconf 86' lang='lat' dir='ltr'>ob</span> <span class='ocrx_word' id='word_1_396' title='bbox 826 4443 906 4509; x_wconf 90' lang='lat' dir='ltr'>hanc</span> <span class='ocrx_word' id='word_1_397' title='bbox 939 4443 1038 4529; x_wconf 87' lang='lat' dir='ltr'>ipsam</span> <span class='ocrx_word' id='word_1_398' title='bbox 1072 4446 1214 4515; x_wconf 82' lang='lat' dir='ltr'>caussam</span> <span class='ocrx_word' id='word_1_399' title='bbox 1243 4445 1388 4511; x_wconf 89' lang='lat' dir='ltr'>continuo</span> 
     </span>
    </p>
   </div>
   <div class='ocr_carea' id='block_1_10' title="bbox 0 0 1560 4859">
    <p class='ocr_par' dir='ltr' id='par_1_11' title="bbox 0 0 1560 4859">
     <span class='ocr_line' id='line_1_43' title="bbox 0 0 1560 4859; baseline 0 3"><span class='ocrx_word' id='word_1_400' title='bbox 0 0 1560 4859; x_wconf 95' lang='lat' dir='ltr'> </span> 
     </span>
    </p>
   </div>
  </div>
 </body>
</html>
