3109 4859
235 68 328 126 Lecn.
345 68 429 124 XIII.
448 68 570 137 Encpcl.
591 68 619 121 d.
638 68 684 122 29.
702 28 776 123 drea.
795 67 867 121 1881
887 69 923 121 de
941 72 1060 121 unctor.
1078 68 1142 135 pol.
1160 69 1295 136 imperii.
1336 50 1398 114 239

164 243 210 309 ris
234 244 283 307 est
305 241 343 306 ad
367 239 565 306 continendos
587 241 652 304 tam
676 239 729 323 qui
746 240 863 322 parent,
887 258 980 321 quam
1000 239 1053 321 qui
1072 239 1226 322 imperant
1240 237 1273 302 iu
1287 238 1398 315 officio,

163 347 370 427 tuendamque
393 344 474 409 inter
496 344 577 426 ipsos
600 362 686 421 eam,
717 362 795 426 quae
823 342 954 407 maxime
985 343 1154 408 seeundum
1176 343 1317 407 naturam
1341 344 1399 419 est,

163 448 422 533 conspirationem
445 449 476 512 et
499 447 586 531 quasi
610 450 790 513 concentum
816 448 1020 525 voluntatum,
1045 446 1125 512 unde
1148 446 1290 530 gignitur
1312 449 1398 510 tran-

164 554 279 638 quillus
301 554 393 634 atque
416 550 498 615 omni
520 551 750 634 perturbatione
772 570 878 615 carens
894 570 996 615 rerum
1012 552 1206 635 publicarum
1223 540 1340 616 cursus.
1356 587 1399 597 —

166 657 356 740 Quapropter
378 675 447 721 cum
472 656 623 741 regendae
646 656 804 721 Ecclesiae
828 656 1012 737 catholicae,
1045 656 1255 721 doctrinarum
1283 654 1400 719 Christi

165 760 285 827 custodi
308 761 338 825 et
361 760 532 843 interpreti,
558 760 613 825 Dei
633 758 968 843 beneficiopraepositi
991 758 1097 837 simus,
1121 758 1318 824 auctoritatis
1332 760 1398 824 No·

163 867 247 930 strae
279 884 343 930 esse
375 863 562 948 judicamus,
597 862 797 927 Venerabiles
830 864 971 939 Fratres,
1007 862 1128 945 publice
1161 880 1398 926 commemorare

164 970 238 1053 quid
261 990 278 1034 a
300 988 453 1053 quoquam
475 968 505 1031 in
530 968 586 1033 hoo
609 986 721 1050 genere
744 966 839 1047 officii
861 966 1014 1031 catholica
1038 966 1150 1031 veritam
1171 965 1293 1047 erigat:
1316 965 1398 1029 uude
1465 1034 1467 1037 Α

164 1073 245 1147 illud
262 1073 356 1139 etiam
380 1073 535 1155 emerget,
563 1090 623 1156 qua
647 1072 697 1137 ria
718 1073 749 1135 et
771 1090 833 1153 qun
856 1071 974 1135 ratione
996 1070 1037 1134 sit
1059 1070 1092 1135 in
1114 1071 1180 1134 tarn
1203 1069 1398 1135 lormidoloso

162 1197 264 1242 rerum
287 1179 371 1242 statu
394 1176 491 1241 saluti
513 1176 653 1259 publicae
676 1174 906 1239 consulendum.

268 1280 335 1345 litei
366 1280 455 1345 homo
488 1279 668 1364 arrogantia
696 1278 832 1363 quadam
855 1279 888 1342 et
909 1277 1103 1350 contumacia
1125 1277 1275 1342 incitatus
1296 1278 1397 1343 frenos

162 1382 283 1466 imperii
306 1383 458 1466 depellere
481 1402 571 1466 saepe
593 1382 761 1460 contendit,
785 1365 953 1465 numquam
975 1382 1080 1447 tamen
1094 1381 1215 1465 assequi
1230 1382 1341 1464 potuit,
1361 1386 1398 1447 ιιι

162 1486 277 1551 nemini
301 1488 430 1568 pareret.
476 1488 620 1551 Praeesse
644 1487 761 1570 aliquos
781 1486 814 1550 iu
837 1486 920 1551 omni
943 1484 1165 1550 consociatione
1189 1485 1347 1549 hominum
1365 1488 1398 1551 et

106 1607 108 1619 ¹
163 1590 385 1655 communitate
408 1591 492 1675 cogit
513 1591 581 1673 ipsa
602 1590 789 1668 necessitas;
818 1609 855 1654 ne
884 1590 1034 1673 principio
1065 1590 1113 1653 vel
1145 1590 1263 1671 capite,
1295 1609 1396 1673 aquo

161 1696 305 1778 regatur,
335 1693 487 1759 destituta
519 1690 649 1759 societas
672 1694 829 1759 dilabatur
851 1695 883 1759 et
907 1693 1000 1757 finem
1022 1692 1165 1775 consequi
1186 1693 1394 1775 prohibentur,

161 1797 248 1880 cujus
271 1797 374 1881 gratia
399 1800 472 1863 nata
494 1798 526 1863 et
546 1798 716 1863 constituta
737 1798 793 1865 est.
811 1834 854 1845 -
870 1798 987 1862 Verum
1004 1796 1034 1861 si
1055 1795 1122 1861 fieri
1144 1814 1202 1861 non
1226 1781 1336 1880 potuit,
1360 1802 1396 1861 ut

161 1920 177 1965 e
199 1901 308 1966 mediis
332 1901 510 1965 civitatibus
532 1902 659 1985 politica
680 1904 817 1986 potestas
850 1902 1028 1978 tolleretur,
1057 1889 1139 1969 certe
1167 1899 1262 1965 libuit
1292 1919 1396 1967 omnes

161 2005 243 2069 artes
267 2004 413 2070 adhihere
436 2004 557 2069 adsim
580 2006 646 2089 ejus
670 2006 866 2084 elevandam,
896 2004 1152 2088 majestatemque
1178 2004 1394 2069 minuendam:

160 2108 251 2191 idque
275 2108 407 2173 maxime
430 2108 552 2175 saeculo
573 2109 655 2189 XVI,
680 2128 751 2175 oum
772 2108 887 2175 infesta
903 2109 1079 2191 opinionum
1092 2107 1395 2191 novitaseomplures

160 2209 336 2275 infatuavit.
381 2211 456 2276 Post
484 2212 564 2276 illud
591 2215 714 2295 tempus
736 2232 797 2277 non
818 2214 918 2277 solum
940 2212 1112 2277 ministrari
1135 2212 1195 2276 sibi
1217 2212 1394 2278 libertatem

160 2314 294 2398 largius,
324 2332 416 2398 quam
440 2316 616 2397 parasset,
647 2314 814 2380 multitudo
841 2314 1016 2393 contendit;
1050 2314 1104 2378 sed
1126 2314 1223 2379 etiam
1244 2314 1394 2398 originem

159 2418 469 2501 constitutionemque
501 2417 600 2483 civilis
628 2417 787 2483 hominum
818 2418 975 2483 societatis
998 2417 1097 2482 visum
1121 2419 1169 2482 est
1190 2437 1244 2502 pro
1266 2418 1395 2483 arbitrio

158 2520 341 2603 confingere.
379 2521 478 2588 Immo
501 2521 685 2588 recentiores
708 2522 876 2605 perplures,
899 2540 1003 2585 eorum
1026 2520 1167 2605 vestigiis
1184 2522 1394 2606 ingredientes

158 2624 211 2706 qui
234 2624 294 2689 sibi
315 2625 469 2709 superiore
489 2626 610 2691 saeculo
627 2625 879 2709 philosophorum
895 2643 1004 2689 nomen
1018 2623 1250 2707 inscripserunt,
1273 2646 1392 2691 ornnem
1416 2614 1422 2628 ’

156 2727 302 2812 inquiunt
323 2731 508 2812 potestatem
533 2749 551 2795 a
574 2730 683 2813 populo
707 2749 789 2807 esse;
812 2748 907 2812 quare
929 2729 982 2813 qui
1004 2748 1071 2794 eam
1083 2729 1115 2793 in
1129 2729 1255 2795 civitate
1267 2735 1391 2815 gerunt,

157 2831 195 2895 ah
218 2830 257 2903 iis
280 2850 339 2898 non
361 2834 517 2899 ntisuaur
540 2834 620 2917 geri,
652 2833 705 2898 scd
728 2835 764 2898 ut
783 2852 802 2897 a
824 2833 934 2917 populo
957 2833 1018 2898 sihi
1039 2833 1236 2914 mandatam,
1272 2838 1304 2900 et
1335 2835 1393 2901 hae

157 2935 282 3017 quidem
304 2936 383 3021 lege,
406 2939 442 3002 ut
463 2937 568 3021 populi
589 2935 685 3019 ipsius
708 2937 877 3015 voluntate,
901 2955 993 3020 aquo
1008 2918 1156 3002 mandata
1176 2943 1233 3018 est,
1256 2941 1392 3005 revocari

156 3038 261 3121 possit.
307 3040 355 3104 Ab
379 3040 427 3105 his
450 3040 520 3105 'vero
543 3041 729 3106 dissentiunt
749 3041 895 3107 catholici
917 3040 1065 3119 homines,
1089 3042 1143 3125 qui
1155 3042 1207 3125 jus
1222 3042 1393 3127 imperandi

156 3144 261 3209 aDeo
283 3146 436 3227 repetunt,
460 3146 543 3211 velut
566 3164 585 3210 a
608 3146 742 3210 naturali
765 3145 997 3228 necessarioque
1020 3144 1179 3229 principio.

260 3247 393 3313 Interest
414 3251 517 3315 antem
542 3252 701 3315 attendere
724 3249 781 3313 hoo
804 3249 888 3326 loco,
920 3267 988 3328 eos,
1019 3248 1072 3331 qui
1094 3248 1281 3332 reipublicae
1303 3269 1406 3333 prae.

157 3348 253 3413 futuri
275 3351 355 3430 siut,
384 3360 473 3435 'posse
509 3353 542 3417 in
568 3353 752 3436 quibusdam
777 3353 895 3422 caussis
919 3353 1076 3419 voluntate
1094 3353 1272 3437 judicioque
1295 3354 1391 3439 deligi

159 3451 386 3533 multitudinis,
420 3475 478 3521 non
514 3456 696 3522 adversante
726 3476 824 3539 neque
854 3459 1045 3541 repugnante
1065 3457 1205 3523 doctrina
1227 3458 1390 3526 catholica.

156 3555 222 3636 Quo
243 3577 316 3624 sane
336 3559 456 3625 delectu
480 3561 661 3645 designatur
684 3560 844 3645 princeps,
872 3580 933 3627 non
962 3562 1161 3629 conferuntur
1180 3564 1253 3648 jura
1275 3564 1391 3648 princi·

155 3663 263 3743 patus:
287 3682 384 3746 neque
403 3664 567 3747 mandatur
588 3665 761 3749 imperium,
784 3664 837 3731 sed
859 3665 1011 3731 statuitur
1033 3686 1052 3732 a
1074 3686 1133 3750 quo
1152 3669 1196 3734 sit
1211 3668 1388 3752 gerendum.

156 3801 194 3813 --
216 3766 323 3849 Neque
347 3767 397 3831 hic
418 3768 576 3851 quaeritur
598 3770 636 3835 de
658 3789 761 3835 rerum
783 3770 978 3853 publicarum
1001 3771 1115 3837 modis:
1138 3772 1217 3837 nihil
1232 3773 1313 3837 enirn
1332 3778 1410 3853 est,-

154 3889 207 3934 our
230 3888 288 3935 nou
312 3871 467 3937 Ecclesiae
489 3874 633 3957 probetur
660 3876 716 3939 aut
745 3874 836 3939 unius
866 3877 922 3939 aut
955 3876 1091 3958 plurium
1124 3877 1330 3960 principatus,
1362 3880 1389 3943 si

154 3971 242 4037 modo
256 3974 366 4067 ¹justus
388 3975 439 4056 sit,
468 3979 500 4041 ot
522 3978 554 4041 in
577 3996 769 4043 communem
792 3977 965 4043 utilitatem
986 3978 1135 4045 intentus.
1182 3980 1388 4061 Quamobrem

153 4074 241 4141 salva
260 4077 398 4160 justitia,
433 4100 493 4147 nou
525 4082 726 4164 prohibentur
760 4082 865 4166 populi
896 4082 975 4147 illud
1008 4083 1188 4168 sibigenus
1211 4104 1388 4169 comparare

153 4178 350 4263 reipublicae,
373 4185 453 4266 quod
475 4188 530 4250 aut
553 4186 687 4269 ipsorum
709 4186 845 4269 ingenio,
866 4188 920 4252 aut
942 4187 1093 4271 majorum
1116 4188 1271 4255 institutis
1292 4189 1386 4255 rneri-

153 4282 276 4367 busque
292 4287 393 4370 magis
417 4290 488 4372 apte
510 4289 681 4354 conveniat.

259 4388 402 4457 Ceterum
426 4379 648 4477 ad‘politicum
670 4392 833 4477 imperium
856 4393 936 4476 quod
959 4394 1081 4477 attinet,
1105 4396 1183 4462 illud
1199 4417 1218 4461 a
1234 4397 1299 4463 Deo
1317 4418 1387 4486 pro-
