3109 4859
191 52 255 123 254
371 68 544 138 Schneider,
566 66 593 125 S.
613 70 733 128 Poeaie.
752 72 867 129 declar.
887 76 915 128 et
933 52 1023 130 recol.
1042 75 1079 130 de
1096 74 1255 156 debitore.
1333 111 1338 126 .

296 245 329 332 8)
351 245 400 325 Se,
422 263 439 311 e
459 263 543 311 come
566 229 695 332 possaho
718 244 882 312 assolversi
898 244 1008 325 coloro,
1030 245 1086 313 che
1103 264 1224 331 presero
1238 246 1278 312 in
1297 244 1458 311 enfitousi

192 351 246 417 dal
266 350 405 418 Govorno
427 350 498 415 beni
521 349 786 435 ecclesiastioi¹lt
1512 409 1513 432 ,

296 456 331 520 lt.
354 455 541 539 Hujusmodi
562 455 761 520 Poonitontes
783 473 843 520 non
865 473 931 520 esse
953 455 1165 535 absolvendos,
1192 454 1250 521 nisi
1276 455 1384 539 prius
1401 454 1460 521 Or·
1513 439 1516 470 i

193 560 311 626 dinatio
334 560 423 638 Loci,
454 578 507 625 sou
531 559 602 625 aliis
628 560 702 625 viris
724 560 960 638 ecclesiasticis,
994 561 1144 644 utsupra
1167 560 1331 625 indubio
1359 560 1400 624 4⁰
1422 560 1461 624 ab

193 664 355 732 Ordinatio
376 663 575 749 designandis
596 664 806 749 syngrapham
826 663 1092 749 consignaverint,
1124 685 1186 749 qua
1207 666 1404 743 declarent,
1430 684 1461 729 se

193 788 322 854 suosque
344 768 491 835 haeredes
514 770 546 834 et
568 786 757 837 successores
779 768 931 853 subjicere
961 769 1161 854 sequentibus
1190 770 1463 855 obligationibus

193 893 248 940 seu
269 873 506 942 conditionibus.

299 981 331 1059 1)
355 976 561 1045 Conservandi
583 977 691 1043 cadom
715 978 806 1057 bona,
828 980 861 1044 et
875 963 915 1044 ¹in
937 978 983 1044 eis
1004 998 1070 1043 rem
1092 978 1202 1045 utilem
1227 980 1387 1064 gerendi.

297 1082 331 1168 2)
354 1083 425 1157 Non
447 1082 555 1149 utendi
577 1102 767 1166 quocumque
791 1083 968 1167 privilegio,
1003 1085 1035 1150 et
1064 1082 1133 1168 lege
1163 1084 1229 1149 sive
1254 1083 1355 1161 lata,
1392 1084 1462 1150 sive
1520 1072 1521 1079 ἵ

195 1188 321 1255 ferenda
343 1187 445 1271 quoad
467 1186 592 1263 canonis
617 1188 882 1253 ahraneationem.

298 1292 332 1378 3)
357 1292 521 1359 Retinendi
544 1292 612 1375 ipsa
633 1292 712 1357 bona
735 1292 774 1356 ad
796 1294 905 1357 nutum
936 1291 1093 1359 Ecclesiae
1123 1292 1249 1377 ejusque
1279 1293 1459 1359 mandatis

195 1396 324 1465 subinde
347 1396 480 1463 ferendis
505 1396 607 1481 quoad
630 1395 807 1461 eorumdem
827 1396 974 1461 bonorum
998 1396 1236 1462 restitutionem.

298 1502 332 1582 4)
355 1500 555 1585 Adimplonrli
578 1500 629 1584 pia
651 1518 752 1579 onera,
775 1518 854 1585 quae
877 1492 993 1567 eisdem
1016 1500 1105 1567 bonis
1120 1498 1184 1566 sint
1203 1500 1342 1581 adnexa,
1372 1518 1456 1585 qua·

195 1606 285 1671 tenus
309 1605 432 1674 aliunde
454 1625 516 1671 nou
538 1604 793 1693 adimpleantur„

301 1710 335 1796 5)
358 1708 501 1777 Solvendi
526 1710 652 1775 interim
681 1728 818 1776 annuum
849 1728 1015 1789 canonem,
1048 1710 1199 1795 illumque
1229 1708 1380 1795 augendi
1416 1705 1454 1772 ad

196 1815 340 1885 tramites
359 1814 519 1899 justitiae,
551 1815 584 1880 et
603 1813 692 1895 juxta
714 1814 963 1880 aestimationem
985 1808 1154 1899 peritomm'
1177 1815 1351 1881 timoratae
1377 1830 1452 1879 con·

197 1918 363 1999 scientiae,
384 1918 411 1982 si
435 1918 527 1983 nimis
549 1916 651 2009 tenuis
668 1917 707 1982 in
730 1916 929 2001 stipulatione
952 1920 1128 1985 contractus
1149 1918 1315 2002 impositus
1339 1917 1451 1984 tuerit.

302 2022 343 2109 6)
360 2021 504 2087 Monendi
527 2021 674 2087 haeredes
690 2023 723 2088 et
739 2041 929 2089 successores
945 2024 984 2088 de
1000 2024 1178 2107 hujusmodi
1195 2022 1449 2109 obligationibus

197 2146 251 2214 per
273 2128 491 2212 syngrapham,
514 2127 551 2192 ut
573 2128 605 2192 et
626 2125 686 2211 ipsi
707 2127 818 2205 sciant,
841 2127 881 2194 ad
903 2127 978 2212 quid
997 2129 1170 2197 moecatur.

303 2232 337 2319 9)
359 2231 415 2311 Se,
438 2251 455 2297 o
477 2249 562 2298 come
585 2250 713 2317 possano
733 2232 898 2299 assolversi
919 2233 1035 2314 coloro,
1066 2234 1122 2299 che
1145 2252 1206 2299 noa
1228 2233 1293 2300 solo
1316 2249 1446 2319 procero

198 2334 251 2420 dal
273 2334 414 2403 Goveruo
433 2335 466 2402 in
488 2336 630 2405 enfiteusi
652 2335 723 2402 beni
746 2336 967 2417 ecclesiactiei,
998 2356 1050 2405 ma
1080 2356 1193 2405 ancora
1215 2336 1261 2423 gli
1282 2335 1469 2404 affranca·'

199 2441 339 2529 rono²lt
870 2504 883 2526 ,

302 2546 339 2615 R.
369 2545 558 2631 Hujusmodi
581 2546 817 2614 Paenitentibus
846 2546 1068 2632 providendum
1100 2548 1194 2631 prout
1225 2544 1444 2632 insuperiori

198 2670 343 2737 responso
366 2651 406 2719 ad
426 2650 554 2717 dubium
577 2650 633 2716 sub
654 2671 684 2717 n.
708 2652 752 2719 4⁰.

305 2756 359 2841 10)
382 2753 436 2833 So,
461 2774 478 2821 o
500 2772 585 2821 come
608 2772 738 2838 possano
760 2756 924 2823 assolvorsi
946 2756 1061 2836 coloro,
1092 2758 1149 2824 cho
1182 2757 1286 2822 banno
1312 2754 1441 2822 redento
1514 2790 1518 2804 ι

200 2860 293 2940 censi,
318 2880 335 2927 e
357 2860 448 2925 ariao
469 2858 672 2926 colossaeo
693 2860 726 2925 u
748 2863 862 2928 natura
882 2862 1109 2945 redimibiles
1514 2847 1518 2859 '

304 2966 340 3033 R.
363 2964 577 3047 affirmativo,
609 2964 776 3032 dummodo
803 2967 889 3050 prius
912 2966 945 3031 in
968 2968 1110 3032 manibus
1132 2966 1289 3034 Ordinarii
1311 2962 1439 3050 erogent
1517 3053 1520 3058 .

200 3071 351 3157 quidquid
373 3071 475 3137 minus
491 3071 528 3139 de
543 3070 671 3155 capitali
688 3072 810 3137 summa
826 3070 983 3139 Gubernio
1005 3070 1217 3156 persolverint,
1242 3071 1281 3137 ud
1294 3072 1437 3137 effectum

204 3178 283 3243 illud
306 3176 505 3244 conservandi
528 3177 631 3243 lavore
653 3176 803 3243 Locorum
822 3178 959 3264 piorum,
982 3177 1123 3263 adquae
1146 3196 1268 3257 census,
1295 3195 1352 3242 seu
1371 3175 1438 3261 jura
1516 3203 1518 3219 r

200 3282 362 3366 redempta
383 3280 591 3366 pertinebant

309 3387 360 3470 ll)
386 3386 444 3466 So,
478 3407 494 3453 e
530 3404 615 3453 como
647 3405 776 3470 possano
806 3387 968 3455 assolvcrsi
996 3386 1114 3467 coloro,
1145 3386 1201 3451 cbo
1230 3385 1435 3451 affranoarono

202 3492 320 3571 canoni,
342 3490 451 3571 livalli,
471 3491 663 3576 proatanioni,
697 3490 736 3559 od
759 3492 833 3558 altri
854 3491 946 3559 dritti
968 3489 1169 3559 ecclesiastici
1191 3488 1224 3554 di
1244 3491 1360 3557 natura
1382 3503 1433 3554 nou

202 3595 435 3681 redimibilispr

305 3702 342 3767 R.
364 3702 458 3765 Posse
480 3699 609 3780 absolvi,
629 3698 795 3767 dummodo
818 3701 911 3784 prius,
934 3703 1025 3785 prout
1046 3701 1080 3768 in
1095 3718 1239 3785 responso
1254 3699 1294 3765 ad
1310 3700 1431 3766 dubium

307 3839 334 3909 1)
353 3840 395 3895 An
414 3842 442 3894 et
460 3839 591 3909 quomodo
609 3838 713 3910 possint
731 3838 836 3894 absolvi
853 3838 914 3906 illi,
940 3839 987 3910 qui
1011 3839 1039 3893 in
1063 3838 1251 3909 emphiteusim
1270 3854 1286 3892 a
1304 3832 1430 3892 Gubernio

202 3929 362 3997 acceperunt
378 3927 449 3982 bona
467 3925 669 3981 ecclesiastica?

111 4003 114 4007 ’
305 4013 333 4083 2)
351 4013 394 4068 An
412 4016 440 4068 et
457 4013 588 4083 quomodo
604 4013 708 4068 absolvi
725 4014 831 4084 possint
848 4013 905 4078 illi,
930 4012 977 4082 qni
1001 4028 1053 4068 non
1074 4012 1152 4067 modo
1170 4011 1199 4066 in
1217 4009 1430 4081 emphiteusima

203 4100 338 4156 Gubernio
356 4104 513 4169 acceperunt
531 4100 601 4155 bona
620 4100 811 4166 ecelesiastica,
829 4117 921 4155 verum
940 4100 1023 4155 etiam
1042 4100 1136 4155 eadem
1155 4097 1346 4153 redemerunt?

306 4189 334 4257 3)
353 4187 395 4243 An
413 4190 442 4242 et
459 4187 590 4257 quomodo
607 4188 712 4257 possint
730 4187 835 4243 absolvi
852 4188 911 4251 illi,
936 4186 982 4257 qui
1010 4186 1179 4243 redemerunt
1197 4201 1291 4241 census
1309 4189 1337 4239 et
1355 4183 1430 4239 eccle·

203 4275 312 4331 siastica
327 4276 390 4345 jura
409 4274 499 4329 indole
517 4292 566 4329 sua
583 4273 767 4331 redimibilial

305 4363 333 4431 4)
352 4362 394 4417 hu
412 4363 440 4417 et
458 4359 590 4430 quomodo
607 4362 712 4431 possint
727 4361 832 4420 absolvi
848 4360 904 4426 illi,
924 4360 971 4430 qui
988 4360 1160 4415 redemerunt
1177 4358 1313 4424 Oenones,
1328 4354 1429 4417 bivella

203 4449 402 4511 Praestatioues
421 4448 464 4506 vol
482 4449 537 4509 alia
555 4449 615 4522 jura
633 4448 814 4508 ecclesiastica
831 4446 921 4527 indole
938 4464 988 4506 sua
1005 4462 1058 4506 uou
1075 4445 1258 4503 redimibilia?
