3109 4859
162 94 227 159 224
282 112 395 168 Lanato
413 112 498 167 XIII.
518 117 613 167 const.
632 114 669 167 dc
687 117 825 170 controv.
844 115 901 167 iat.
919 115 1011 181 episc.
1028 118 1058 169 et
1074 130 1138 187 req.
1158 114 1299 185 Aaqltce.

162 305 221 351 non
246 304 313 351 esse
333 284 550 369 exquirendam
574 283 606 348 in
628 283 751 367 legibus
774 282 937 363 civilibus,
967 303 1046 368 quae
1072 285 1226 351 coenobiis
1247 286 1405 371 erigendis

163 389 324 466 obesseut3
348 387 402 453 sed
424 386 578 471 magistu
602 406 637 452 eo
662 387 850 453 salutariae
872 387 1064 455 nobilissimo
1088 386 1269 467 ministerio,
1292 389 1405 472 quoda

103 544 105 549 Α
164 494 238 558 viris
266 492 443 576 apostolicis
472 492 659 557 exercentur.
716 490 804 573 Quod
839 509 899 557 non
933 485 1063 557 obscure'
1096 492 1283 557 Benedictus
1317 492 1404 557 XlV.

162 596 352 681 significavit
373 595 526 678 inquiens,
562 594 738 679 »regulares
761 595 954 680 Anglicanae
976 595 1114 662 missioni
1136 579 1307 661 destinatos
1328 596 1406 662 illuc

165 698 335 784 »proticisci
357 699 392 763 in
413 698 527 764 bouum
550 700 675 764 sanctae
691 699 815 764 nostrae
830 697 1019 783 religionis«
1054 698 1263 784 Bamdamqua
1278 718 1403 765 oausam

162 804 278 888 pariter
301 804 451 868 attulerat
474 802 615 871 Clemens
628 801 727 881 vill,
751 807 820 867 cuin
844 801 882 868 de
904 801 1061 868 sodalibus
1082 802 1235 886 religiosis
1257 803 1296 868 ad
1312 802 1406 868 ludos

90 924 93 935 ’
162 906 307 992 proiectis
330 907 494 984 ducuerat,
528 905 627 990 ipsos.
645 906 822 971 antistitum
855 925 980 971 suorum
997 907 1087 990 jussu
1109 906 1185 972 illuc
1207 909 1405 982 concessisse,

134 995 136 999 ’
161 1012 267 1095 ibique
297 1010 353 1076 sub
385 992 549 1092 disciplina
576 1009 723 1091 praefecti
746 1009 924 1094 prouinciae
944 1009 1059 1075 uersari
1083 1009 1142 1074 »ad
1164 1010 1406 1092 praedicandum

156 1117 325 1181 x»sanctum
356 1114 414 1179 Dei
443 1112 648 1197 evangelium
678 1115 710 1178 et
733 1112 817 1178 viam
840 1113 983 1178 venmtis
1005 1114 1037 1178 ut
1056 1113 1168 1179 salutis
1190 1114 1406 1179 demonstran·

162 1220 264 1284 dam«
311 1218 394 1283 Hinc
417 1202 489 1300 post
505 1215 646 1281 sublatas
666 1216 750 1299 leges
778 1216 932 1281 sodalitiis
963 1216 1157 1301 regularibus
1188 1218 1341 1295 intensas,
1372 1219 1407 1282 et

142 1304 337 1417 =hierarchia
359 1321 513 1387 catholica
534 1322 567 1385 in
589 1322 749 1404 integrum
771 1322 927 1399 restituta,
948 1321 1008 1404 ipsi
1026 1321 1244 1387 Britannorum
1264 1321 1406 1406 llpiseopi

160 1426 196 1490 -in
217 1425 312 1509 priori
335 1424 455 1511 Synodo
481 1424 805 1490 Westmonasterieusi
827 1424 936 1489 testati
958 1427 1042 1505 sunt,
1065 1426 1135 1490 rata
1157 1425 1218 1491 sibi
1240 1424 1407 1508 privilegia
1435 1436 1439 1444 ·
1545 1375 1546 1418 ἶ

162 1530 244 1608 lore,
277 1530 407 1614 »quibus
434 1529 492 1595 viri
513 1528 649 1614 religiosi
673 1528 736 1593 suis
760 1527 791 1592 in
814 1528 955 1593 domibus
978 1529 1027 1593 vel
1049 1532 1136 1593 extra
1159 1528 1300 1612 legitime
1323 1546 1405 1611 gau-

164 1635 276 1701 ›dent‹
301 1635 441 1717 quamvis
467 1644 569 1698 »extra
592 1632 780 1697 monasteria
803 1632 1025 1715 utplurimum
1046 1632 1192 1717 degant«
1293 1706 1298 1711 ,

266 1738 472 1821 Quamobrem
502 1736 535 1801 in
564 1734 718 1819 praesenti
741 1736 836 1801 etiam
857 1735 1014 1801 Ecclesiae
1036 1736 1207 1803 catholicae
1226 1737 1308 1821 apud
1331 1738 1404 1801 Bri·

162 1850 272 1909 tannos
295 1841 468 1908 conditione
492 1841 649 1906 declarare
669 1858 728 1905 uon
751 1839 949 1906 dubitamus:
985 1841 1171 1924 Regulares,
1199 1823 1253 1924 qui
1274 1841 1306 1905 in
1325 1841 1402 1906 resi-

161 1946 276 2013 dentiis
298 1946 480 2011 missionum
504 1944 741 2022 commorentur,
752 1955 754 1961 ’
767 1944 923 2026 exemptos
946 1962 1012 2009 esse
1027 1944 1067 2009 ab
1085 1944 1242 2010 Ordinarii
1256 1944 1403 2027 jurisdto·

162 2050 261 2130 tione,
289 2068 348 2115 non
372 2066 459 2113 secus
482 2065 518 2112 ac
541 2046 698 2132 regulares
721 2046 805 2111 intra
827 2047 963 2112 claustra
984 2048 1140 2127 viventes,
1164 2051 1400 2132 praeterquam

162 2154 196 2219 in
218 2154 341 2218 casibus
363 2152 471 2237 ajuro
499 2150 680 2217 nominatim
711 2150 877 2233 expressis,
911 2153 943 2216 et
977 2152 1151 2235 generatim
1183 2152 1216 2215 iu
1250 2152 1290 2215 iis
1322 2170 1402 2235 quae
1452 2139 1460 2151 ‘

163 2258 350 2324 concernunt
372 2276 477 2322 curam
501 2256 674 2321 animarum
698 2257 1015 2322 et-sacramentorum
1038 2256 1349 2321 administrationem.

266 2362 468 2447 Praecipuum
501 2361 580 2427 hanc
610 2380 702 2443 qnam
732 2360 928 2427 definivimus
958 2362 1196 2427 controversiam
1228 2360 1328 2425 altera
1349 2379 1401 2425 cx·

162 2466 298 2549 cipiebat
323 2466 443 2545 affinis,
475 2466 512 2531 de
545 2464 734 2549 obligatione
767 2483 829 2549 qua
859 2465 1025 2530 teneantur
1050 2466 1197 2530 Rectores
1218 2464 1400 2529 missionum

162 2569 312 2636 creditam
335 2571 485 2636 habentes
508 2570 681 2634 animarum
705 2587 828 2646 curam,
859 2587 1023 2651 eorumque
1046 2568 1169 2647 vicarii,
1191 2568 1305 2652 aliique
1327 2569 1401 2633 reli·

161 2674 240 2757 giesi
263 2674 394 2753 sodales,
407 2660 621 2738 ¹facultatibus
644 2672 777 2756 praediti
800 2692 877 2756 quae
899 2672 1101 2739 missionariis
1123 2672 1343 2749 conceduntur,
1365 2676 1403 2737 ut

161 2775 306 2841 intersint
328 2776 367 2841 iis
392 2776 474 2843 Cleri
497 2775 716 2853 conventibus,
739 2795 815 2859 quos
837 2777 1017 2843 collectiones
1040 2795 1094 2841 seu
1114 2778 1322 2859 conformitas
1344 2796 1400 2867 ro·

161 2881 245 2959 cant,
267 2898 367 2963 neque
389 2894 447 2945 uon
473 2879 603 2965 Synodis
626 2880 823 2946 dioecesanis.
869 2879 966 2963 Cujus
986 2880 1174 2963 quaestionis
1202 2882 1247 2946 vis
1267 2884 1299 2945 et
1319 2880 1401 2946 ratio

161 2984 197 3049 ut
211 2984 417 3069 intelligatur,
433 2984 572 3068 praestat
589 3001 761 3049 memorare
777 2984 858 3066 quod
874 2978 907 3048 in'
923 2983 1060 3050 Concilio
1076 2983 1400 3050 westmonasteriensi

162 3087 349 3154 Provinciali
371 3088 401 3153 4.
425 3088 612 3171 praecipitur
636 3088 684 3152 his
708 3086 828 3153 verbis:
859 3086 911 3153 »Si
933 3087 994 3153 duo
1017 3088 1066 3153 vel
1087 3088 1191 3170 plures
1212 3089 1278 3167 siut
1299 3107 1401 3154 sacer-

163 3191 269 3257 »dotes
291 3191 454 3272 iraeadem
477 3190 636 3270 missione,
659 3210 754 3256 unum
778 3192 905 3255 tautum
926 3191 1058 3274 primum
1082 3191 1323 3275 designandum,
1347 3192 1400 3275 qui

163 3297 273 3379 >gerat
297 3315 403 3361 curam
434 3296 608 3363 animarum
633 3296 665 3361 et
688 3294 988 3361 administrationem
1011 3295 1167 3362 Ecclesiae
1190 3347 1197 3361 .
1223 3346 1230 3360 .
1253 3347 1260 3362 .
1284 3296 1400 3361 ceteros

163 3417 287 3463 »omnes
314 3417 419 3463 curam
454 3418 547 3482 quam
582 3398 698 3464 habent
732 3400 907 3487 animarum
938 3418 1008 3464 oum
1032 3398 1237 3482 dependentia
1259 3418 1278 3463 a
1300 3398 1400 3481 primo

163 3520 320 3567 »exercere
331 3500 385 3586 1).«
422 3489 586 3585 Comperta
607 3502 714 3586 itaque
736 3504 850 3567 natura
870 3502 946 3567 facti
968 3502 1005 3567 de
1018 3522 1079 3585 quo
1093 3502 1208 3587 agitur,
1231 3505 1263 3568 et
1280 3503 1401 3567 semota

160 3604 311 3686 tantisper
331 3622 367 3669 ea
389 3605 577 3688 quaestionis
599 3607 687 3687 parte
708 3623 787 3687 quae
807 3605 946 3689 Synodos
969 3606 1109 3690 respicit,
1141 3605 1260 3689 ambigi
1282 3605 1399 3688 nequit,

161 3708 234 3792 quin
259 3708 406 3774 Rectores
430 3708 607 3773 missionum
631 3688 738 3773 adesse
761 3709 896 3775 debeant
918 3710 957 3775 iis
980 3709 1062 3776 (ilari
1084 3711 1237 3786 coetibus,
1261 3710 1314 3791 qui
1336 3710 1400 3774 ool-

160 3814 292 3879 lote’ones
313 3812 467 3901 dicuntur.
513 3812 656 3895 Namque
682 3831 786 3877 eorum
813 3832 908 3878 causa
935 3815 1042 3879 cadem
1075 3816 1170 3879 terme
1200 3813 1248 3877 est
1277 3832 1313 3877 ac
1342 3831 1400 3895 pa-

160 3916 340 3998 rochomm3
363 3916 510 3999 parochos
534 3917 638 3980 autern
657 3916 752 3980 etiam
767 3915 928 4003 regulares
943 3937 980 3983 aa
994 3917 1183 4002 obligatione
1197 3915 1350 3999 adstringi
1367 3916 1401 3979 et

160 4019 266 4084 docuit
281 4018 466 4085 Benedictus
486 4019 572 4087 XIV.
598 4018 728 4086 Constit.
751 4020 940 4087 Fimrandis
961 4022 990 4105 §-
1013 4024 1043 4087 6.
1068 4022 1096 4086 8.
1117 4021 1191 4085 Idus
1207 4022 1285 4087 Nox.
1306 4020 1399 4098 litt,

160 4125 192 4189 at
214 4142 335 4187 sacrum
359 4122 527 4187 Consilium
550 4122 738 4188 Tridentinis
765 4124 899 4207 decretis
926 4123 1167 4207 interpretandis
1197 4125 1322 4207 pluries¹
1344 4124 1399 4187 de-

160 4225 291 4291 claravit
299 4229 333 4306 2).
379 4226 473 4291 Recte
495 4226 594 4311 igitur
615 4227 647 4291 in
669 4226 829 4310 praedicta
851 4227 972 4313 Synodo
995 4228 1319 4296 Westmonasterieusi
1338 4228 1399 4292 fuit

263 4366 292 4521 B}
308 4364 600 4522 gzcwlsgmlqrffim
619 4452 644 4507 5.
664 4450 799 4521 Septemb.
817 4450 885 4507 1650
903 4451 965 4508 Lib.
981 4451 1021 4507 19.
1040 4451 1147 4508 Deerat.
