3109 4859
111 73 186 126 Lit.
204 76 303 141 apost.
317 72 399 141 quib.
412 72 590 127 hierarchia
605 42 697 143 episc.
709 76 744 127 in
759 74 876 127 Bosaiu
891 78 920 128 et
935 73 1058 145 Heruep.
1074 76 1262 130 instituitur.
1303 50 1372 123 “143

231 244 276 309 Ac
298 244 429 325 primum
455 243 651 322 aterritorio,
669 243 894 327 jurisdictione,
913 244 1193 326 administratione,
1216 246 1367 330 regimine

112 348 327 431 Episcopatus
349 347 536 424 Bosniensis,
560 346 654 431 quia
675 348 726 413 iel.
750 367 811 414 ree.
833 348 991 415 Clemente
1006 350 1091 414 XIV.
1110 350 1294 433 Apostolicis
1309 352 1366 416 lit·

112 456 200 518 teris
224 454 273 519 die
296 453 352 519 lX.
373 452 454 518 Julii
477 470 556 517 anno
572 451 829 519 MDCCLXXIII
844 453 936 532 datis,
959 454 1096 519 instante
1110 454 1210 520 Maria
1221 454 1368 520 'theresia
1398 539 1402 542 Ι

115 557 307 641 Hungeriae
330 555 509 639 apostolice
531 556 563 620 et
587 554 753 621 Bohomiae
776 555 897 639 Regina
919 556 1058 636 illustri,
1088 556 1239 623 finitimae
1262 557 1369 623 Eccle-

115 662 189 725 siae
213 659 372 727 Sirmiensi
394 673 494 742 aeque
511 658 722 741 principaliter
743 660 775 724 et
797 660 829 722 iu
848 660 1030 741 perpetuant
1048 660 1108 726 luit
1123 661 1239 742 unitus,
1264 680 1368 726 omnes

115 765 266 849 regiones
287 756 323 829 et
342 764 409 829 loca
432 763 511 839 citra
529 761 643 831 Savum
661 763 835 840 existentia,
859 782 937 845 quae
958 763 1092 846 politicis
1109 764 1240 830 Rosciae
1255 764 1368 830 finibus

116 852 424 952 comprehenduntur
448 866 635 931 auctoritate
661 866 841 948 Apostolica
878 867 911 931 in
947 869 1129 950 perpetuum
1164 868 1367 953 sejungimus,

117 972 340 1046 distrahimus,
363 988 552 1052 separamus,
575 970 711 1052 itemque
733 970 928 1052 Apostolioos
951 970 1128 1036 vicariatus
1152 972 1184 1036 in
1208 973 1368 1059 Bosnisusi
1396 974 1403 983 '

118 1076 155 1140 et
178 1071 441 1157 Herzegovincnsi
463 1072 655 1137 districtibus
679 1072 880 1149 constitutos,
911 1073 1018 1137 eidem
1040 1075 1226 1141 auctoritate
1245 1077 1368 1159 suppri-

119 1178 256 1255 mimus,
292 1175 499 1269 ertiuguimus
535 1194 570 1239 uc
603 1193 780 1259 suppressos
814 1175 1016 1241 declaramus.
1063 1169 1188 1242 Deinde¹
1206 1178 1237 1242 in
1260 1180 1368 1245 eodem

119 1280 280 1347 territorio
296 1298 406 1345 novam
422 1278 611 1362 provinciam
628 1279 869 1345 ecclesiasticam
891 1279 1120 1359 constituimus,
1143 1300 1221 1364 quae
1236 1284 1368 1366 quatuor

119 1384 248 1449 tantum
271 1381 461 1447 dioecesibus
479 1380 568 1464 juxta
591 1382 717 1446 modum
737 1382 791 1465 qui
813 1382 953 1465 sequitur
970 1384 1132 1464 constabit,
1158 1384 1254 1451 donec
1269 1387 1367 1452 Nobis
1390 1388 1400 1413 “

121 1486 234 1553 datum
255 1485 358 1566 fuerit,
383 1486 419 1549 ut
441 1485 528 1550 sedes
552 1505 676 1551 numero
699 1486 803 1569 plures
824 1486 1037 1555 instituamus.
1150 1567 1151 1570 Ἴ

229 1588 305 1655 Cum
329 1588 402 1653 urbs
422 1588 572 1672 Seruium,
594 1590 687 1673 vulgo
709 1589 869 1672 Scrujeuo,
891 1590 923 1656 in
947 1590 1049 1664 medio
1072 1609 1168 1673 paene
1190 1592 1367 1658 Bosniensis

122 1692 259 1776 regionis
280 1694 381 1775 posita
404 1692 533 1775 ejusque
554 1693 713 1779 princepe,
745 1694 864 1760 ratione
894 1694 975 1761 situs
997 1713 1034 1760 ac
1057 1696 1286 1778 opportunitate
1308 1697 1368 1762 loci

123 1795 251 1861 advenis
274 1800 305 1861 et
327 1796 573 1881 negotiatoribus
598 1796 765 1863 admodum
787 1798 901 1881 pervia,
924 1799 1074 1889 majorem
1096 1818 1169 1882 prae
1193 1799 1365 1866 aliiscivi-

124 1898 243 1965 tatibus
265 1901 517 1967 commoditatem
541 1901 709 1967 Catholicis
732 1902 898 1985 praebeat,
929 1904 966 1967 ut·
993 1903 1034 1967 ad
1056 1920 1123 1967 earn
1147 1904 1271 1987 propter
1292 1922 1367 1969 usus

124 2022 195 2068 suos
219 2020 389 2069 commeare
412 2005 548 2087 possint,
575 2024 705 2089 cumque
736 2005 831 2071 etiem
864 2005 1010 2072 catholici
1032 2006 1175 2091 Episcopi
1197 2005 1278 2086 apud
1297 2025 1365 2071 eam
1416 2080 1420 2087 ¹

123 2107 231 2171 urbem
255 2107 286 2171 in
310 2108 669 2192 Verhbosnensioppido
691 2095 846 2192 hospitam
869 2110 973 2175 sedem
1002 2110 1160 2175 interdum
1189 2109 1366 2188 habuerint,

124 2228 183 2290 quo
203 2210 358 2293 tempore,
382 2212 417 2274 ut
445 2211 529 2275 fama
551 2212 613 2289 est,
643 2212 866 2276 Petarenorum
886 2213 987 2277 sectae
1011 2214 1137 2277 asseclis
1158 2213 1366 2278 saevientibus

125 2313 230 2375 tutum
254 2312 427 2395 perlugium
452 2313 650 2396 quaerebant,
674 2313 747 2377 hinc
770 2313 873 2390 sedern
897 2312 1068 2397 Serajensis
1090 2300 1194 2393 urbis,
1208 2315 1364 2381 Verbbos-

126 2433 247 2479 oensem
270 2416 298 2479 ei
318 2415 447 2480 titulum
469 2416 651 2496 tribuendae,
675 2416 708 2481 in
728 2416 1018 2501 archiepiscopalem
1043 2418 1076 2483 et
1096 2418 1366 2500 metropolitanam

126 2518 227 2583 sedem
251 2519 282 2582 et
305 2518 438 2583 aliarum
461 2520 580 2584 sedium
604 2521 714 2602 eaput,
745 2540 824 2602 quae
858 2522 947 2599 sunt,
981 2523 1013 2585 et
1046 2522 1137 2585 erunt
1168 2521 1201 2584 in
1234 2522 1385 2604 utraquex
1418 2602 1420 2614 Ι

128 2620 288 2687 Bosniensi
309 2624 340 2685 et
361 2615 621 2706 Herzegovinensi
643 2623 801 2706 provincia
813 2643 867 2712 pqr
882 2624 1015 2690 Nosaut
1027 2623 1221 2691 Successores
1236 2624 1366 2689 Nostros

129 2724 277 2789 Romanos
302 2724 467 2789 Pontifices
501 2725 532 2788 in
566 2728 722 2808 posterum
756 2726 939 2811 erigendae,
971 2727 1156 2792 auctoritate
1188 2727 1384 2809 Apostolioa'

129 2828 230 2892 tenore
251 2828 458 2909 praesentium
482 2828 691 2908 instituimus,
727 2830 858 2896 facimus
892 2850 928 2896 ac
960 2831 1167 2909 declaramus,
1205 2829 1366 2913 eidemque

129 2930 210 2995 sedes
229 2929 415 3013 episcopales
430 2934 504 3012 trae,
529 2952 637 3015 nempe
660 2934 747 3013 duas,
770 2952 846 3019 quas
863 2954 958 2999 novas
973 2934 1124 3019 erigimus
1142 2935 1175 2999 in
1187 2933 1366 2999 civitatibus

130 3032 292 3098 Banialuco
315 3037 347 3099 ct
370 3034 555 3114 Mandetrio,
578 3038 671 3123 vulgo
692 3039 826 3118 Mostur,
852 3039 884 3102 ot
905 3038 1000 3102 aliam
1013 3037 1079 3120 jam
1094 3038 1230 3101 erectam
1245 3037 1366 3102 Merca-

128 3153 246 3201 ueusem
270 3138 301 3201 et
322 3138 574 3217 Tribunieusem,
606 3160 699 3224 quam
733 3141 901 3224 Episcopus
935 3140 1113 3225 Rugusiuus
1146 3139 1242 3205 donec
1276 3139 1366 3205 alitor

129 3241 321 3321 provideatur
344 3241 605 3307 administratoris
626 3244 720 3309 titulo
740 3244 941 3337 procurarit,
971 3244 1133 3327 tamquam
1163 3242 1366 3325 provinciales

130 3342 333 3425 adsignemus,
358 3343 541 3421 addicimus,
564 3346 782 3422 attribuimus;
807 3366 917 3427 earum,
936 3366 1007 3414 vero
1030 3347 1195 3430 Episcopus
1216 3366 1271 3429 pro
1286 3348 1366 3411 tem·

130 3464 196 3526 pore
218 3446 383 3512 existentes
406 3448 438 3512 in
461 3448 693 3531 Archiepisoopi
715 3450 960 3516 Verhbosnensis
980 3450 1206 3533 suffraganeos,
1230 3449 1283 3533 qui
1302 3449 1366 3534 juri

131 3548 191 3631 ejus
213 3548 466 3633 archiepiscopali
487 3553 518 3616 et
541 3542 766 3635 metropolitico
786 3554 925 3632 subsint,
950 3571 1164 3631 accensemus,
1197 3571 1233 3618 ac
1256 3552 1365 3637 hujus·

131 3652 207 3717 modi
237 3652 444 3719 Ecclesiarum
481 3656 595 3720 elerum
625 3657 833 3741 populumque
862 3657 1057 3735 uuiversum,
1093 3652 1221 3739 quorum
1256 3674 1366 3721 causae

132 3756 166 3819 ad
188 3757 389 3831 memoratum
413 3758 686 3843 Archiepisoopum
705 3761 797 3845 juxta
819 3779 976 3848 sacrorum
998 3761 1120 3825 statuta
1142 3777 1293 3823 canonum
1317 3777 1367 3822 re·

132 3860 277 3938 terantur,
313 3860 372 3943 ipsi
406 3861 644 3947 Archiepiscopo
671 3866 771 3947 quoad
795 3863 1068 3947 archiepiscopalia
1090 3866 1122 3928 et
1141 3861 1368 3944 metropolitica

130 3962 194 4046 jura
213 3964 329 4047 pariter
351 3965 540 4049 subjicimus.
586 3967 672 4048 Quod
704 3970 809 4034 autern
840 3968 976 4051 pertinet
1005 3966 1044 4031 ad
1070 3985 1178 4032 novam
1202 3965 1366 4031 dioecesim

134 4068 396 4149 Eandetriensem,
421 4070 509 4153 cujus
531 4070 564 4134 iu
585 4071 698 4135 finibus
722 4073 833 4137 civitas
850 4070 1038 4135 Dumnensis
1054 4071 1111 4151 est,
1136 4070 1228 4153 vulgo
1242 4068 1366 4147 Durae,

134 4192 216 4254 quam
240 4175 358 4239 veteres
383 4161 572 4239 Delminium
596 4174 707 4255 dixere,
731 4176 813 4241 uude
837 4176 1055 4240 Dalmatarum
1070 4193 1180 4247 nomen
1195 4174 1366 4251 estortum,

81 4282 84 4301 ¹
135 4278 189 4341 Nos
207 4276 325 4341 ratione
348 4277 457 4341 habita
480 4298 549 4343 eam
571 4279 679 4343 urbem
700 4297 769 4344 curu
792 4278 999 4362 circumjectis
1026 4278 1165 4361 oppidis,
1195 4279 1231 4343 ut
1263 4277 1368 4341 vetera

133 4380 321 4445 monumenta
340 4381 478 4458 tradunt,
503 4381 683 4464 episcopalis
696 4382 787 4462 sedis,
811 4401 888 4465 quse
910 4382 1098 4448 Dumneusis
1114 4399 1167 4445 seu
1185 4379 1362 4443 Dalmatiae

585 4504 589 4507 .
1191 4483 1233 4546 29
1247 4485 1263 4516 a
