3109 4859
147 155 209 218 184
251 173 350 237 Kobe,
362 173 445 228 Verb.
457 175 485 226 d.
496 172 608 240 Psarr..
619 189 710 227 meaa
720 189 753 227 er
762 175 798 226 a’n
808 175 837 227 d.
848 173 970 228 Beicbte
980 175 1031 227 ein
1045 179 1144 226 trena.
1156 174 1244 228 Epeo.
1256 175 1385 240 ersdbrt.

146 343 297 424 Rebaffas
319 346 418 410 omnis
439 344 601 428 utriusque
624 363 712 410 sexus
735 343 772 408 de
796 344 909 427 poenit.
934 345 965 410 et
988 344 1106 409 remiss,
1130 364 1221 428 snper
1241 345 1269 428 ξ.
1286 346 1385 409 susei-

144 448 231 531 piens
255 450 337 516 verb.
362 451 471 515 oetavo
490 468 548 513 non
573 447 681 526 debet;
704 447 928 514 Rusellaverb.
946 448 1150 514 confessionis
1167 450 1286 526 eelatio,
1303 469 1334 515 n.
1352 453 1395 516 2..

247 552 370 619 Andere
385 553 548 618 verneineu
567 552 632 618 dies
648 551 847 616 entsebleden
866 552 929 617 und
945 542 1062 629 lebren,
1084 553 1155 616 dass
1174 553 1243 616 dem
1260 553 1384 616 Plarrer

145 657 239 721 nnter
255 657 360 722 keiner
381 651 565 741 Bedingun'g
588 657 741 742 gestattet
763 656 822 734 ist,
854 657 920 722 sioh
948 658 1002 723 der
1025 657 1068 722 im
1093 656 1310 722 Beieblstuhle
1333 676 1383 720 er-

144 761 303 826 vorbenen
326 761 496 827 Kenntniss
524 761 578 825 der
603 760 701 844 Diuge
725 761 905 826 ausserbalb
929 762 1088 827 desselben
1111 762 1143 825 in
1158 761 1274 826 seinem
1291 761 1384 825 Amte

144 864 191 928 als
214 865 337 930 Psarrer
359 885 396 930 zu
416 864 575 930 bedienen.
621 864 711 954 Dieqe
744 864 877 930 Ansieht
907 865 1010 930 warde
1040 867 1121 931 auch
1150 864 1300 930 vendam
1327 863 1384 928 Je-

143 967 339 1034 suitenorden
362 968 517 1052 adoptirt,
547 967 651 1032 indem
682 967 736 1032 der
757 967 1027 1051 Jesuitengeneral
1050 968 1199 1036 Claudius
1222 967 1384 1052 Aquaviva

142 1071 185 1134 im
209 1070 306 1138 Jabre
338 1073 422 1136 1590
453 1071 517 1136 also
548 1071 742 1136 verordnete:
780 1071 831 1136 Ita
864 1091 988 1155 prorsus
1018 1073 1051 1137 in
1084 1073 1225 1137 omnibus
1258 1071 1383 1136 casibus

143 1176 294 1241 nostrisa
317 1176 428 1259 gerant
448 1173 634 1255 confessarii,
664 1194 700 1240 aa
719 1175 746 1240 si
769 1176 801 1240 in
824 1177 1012 1242 confessione
1031 1174 1110 1257 nibil
1133 1175 1255 1259 penitus
1277 1174 1383 1239 audis-

143 1281 212 1344 sent
235 1278 353 1364 sibique
376 1279 599 1363 persuadeant,
633 1281 669 1344 ut
702 1280 909 1344 humanarum
944 1299 1046 1344 rerum
1080 1279 1218 1362 regimen
1252 1279 1291 1342 ab
1326 1278 1383 1342 hoo

143 1383 341 1449 Sacramenta
363 1381 542 1467 longissime
564 1383 671 1460 distat,
692 1384 738 1448 ita
761 1384 871 1449 debere
893 1383 1073 1448 nullatenus
1095 1384 1134 1448 ab
1150 1402 1186 1448 ao
1205 1382 1338 1465 pendere
1348 1382 1380 1468 1).

245 1487 285 1552 Its
307 1487 350 1552 ist
373 1487 460 1554 nieht
481 1486 570 1552 ohne
583 1489 743 1565 Interesse,
771 1488 821 1554 die
845 1487 968 1552 Grinde
991 1475 1110 1551 kennen'
1133 1505 1171 1550 zu
1194 1486 1309 1563 lernen,
1329 1486 1385 1549 auf

142 1590 255 1655 welche
278 1611 351 1656 man
373 1591 440 1656 sioh
459 1591 507 1655 flur
530 1591 612 1656 diese
635 1593 764 1661 letutere
785 1591 936 1676 Meinung
958 1593 1066 1657 stdtzt.
1105 1590 1180 1655 Man
1196 1589 1299 1654 berntt
1314 1589 1381 1654 siolr
1450 1645 1455 1653 .

143 1695 199 1758 auf
220 1695 362 1760 Clemens
385 1695 489 1772 vlu..
517 1695 572 1758 der
602 1695 634 1760 in
667 1697 767 1761 einem
791 1699 877 1761 motu
899 1695 1019 1778 proprio
1042 1713 1111 1758 vom
1134 1694 1186 1759 26.
1209 1693 1273 1756 Mai
1299 1691 1381 1755 1594

142 1798 180 1862 de
203 1817 330 1864 ossuum
353 1799 560 1864 reservatione
574 1818 629 1881 pro
645 1793 842 1883 regularibus
861 1819 911 1863 am
927 1799 1012 1862 binde
1028 1797 1169 1864 vortlieh
1183 1796 1379 1879 ninzufagte:

18 1928 25 1948 .
142 1901 218 1966 Tam
241 1902 411 1984 superiores
434 1920 488 1985 pro
510 1904 648 1985 tempore
671 1904 837 1998 existentes
859 1921 953 1986 quam
976 1899 1169 1978 confessarii,
1197 1900 1249 1983 qui
1273 1901 1380 1982 postea

141 2003 181 2070 ad
203 2006 430 2088 superioritatis
450 2007 582 2090 gradum
607 2007 722 2071 fuerint
743 2007 885 2090 promoti,
908 2006 1039 2071 caveant
1061 2003 1318 2087 diligentissime,
1342 2023 1380 2068 ne

21 2187 25 2194 .
141 2128 178 2173 ea
200 2111 328 2187 notitia,
359 2129 451 2194 quam
481 2111 519 2174 de
542 2109 672 2176 aliorum
695 2110 859 2193 peccatis
850 2131 883 2174 m
905 2108 1093 2175 confessione
1116 2107 1309 2184 habuerunt,
1338 2107 1379 2170 ad

141 2213 323 2304 exteriorem
352 2214 607 2296 gubernationem
638 2217 729 2279 utant
730 2214 813 2298 ιη’).
859 2214 971 2278 llerner
995 2213 1048 2276 aut
1069 2211 1118 2276 ein
1142 2211 1256 2275 Daoret
1277 2213 1378 2277 ders

141 2316 236 2400 Cong.
262 2317 404 2400 inquisit
396 2319 491 2394 vonis,
526 2317 581 2383 das
615 2319 684 2382 aut·
702 2317 832 2384 Gebeiss
864 2318 1014 2382 Innooenz
1035 2315 1119 2382 XI.
1110 2335 1154 2380 rm
1173 2300 1270 2380 Jabre
1296 2316 1378 2380 1682

134 2420 382 2504 ‘lotlgendeu
327 2419 398 2486 Sata
420 2423 582 2505 verpbnte:
613 2423 748 2488 Solantia
779 2442 822 2488 ex
838 2422 1026 2487 confessione
1049 2420 1201 2504 aequisita
1225 2419 1273 2484 uti
1294 2419 1378 2495 lieet,

141 2525 230 2590 modo
252 2525 309 2590 fiat
331 2526 396 2591 sine
419 2526 537 2590 direota
560 2528 614 2590 aut
636 2525 790 2592 indirecta
812 2526 1000 2591 revelatione
1023 2527 1055 2590 et
1073 2524 1253 2609 gravamine
1269 2524 1375 2608 poeni-

108 2634 110 2639 ’
139 2629 245 2705 tentis,
269 2629 328 2692 nisi
351 2629 437 2692 aliud
457 2629 555 2694 multo
579 2629 704 2712 gravius
729 2649 764 2694 ex
784 2649 844 2695 non
867 2650 925 2694 usu
948 2631 1104 2712 sequatur,
1127 2628 1160 2692 in
1178 2629 1271 2710 eujus
1294 2647 1377 2692 eom·

139 2732 298 2814 paratione
319 2731 404 2815 prius
427 2734 538 2797 merito
561 2734 819 2815 contemnaturil.
851 2734 942 2800 Aueh
965 2733 1068 2799 beruft
1088 2752 1158 2797 man
1174 2733 1241 2797 sioh
1257 2731 1378 2808 darauf,

140 2835 211 2914 dass
235 2835 289 2899 der
310 2835 508 2901 Beiohtvater
530 2835 586 2899 das
606 2837 908 2920 B'eiohtgelreimniss
931 2836 1018 2901 nieht
1038 2856 1096 2900 nur
1123 2836 1270 2913 anderen,
1305 2854 1377 2901 son·

140 2939 215 3004 dern
237 2939 317 3004 auch
336 2939 406 3005 dem
429 2941 631 3006 Poenitenten
653 2939 750 3006 selbst
772 2942 950 3025 gegeniber
970 2941 1133 3006 bewabren
1155 2946 1266 3008 misse.

243 3043 342 3108 Ueber
364 3042 468 3108 diesen
490 3045 605 3110 letzteu
622 3045 727 3109 Punlrt
746 3047 867 3109 tussert
882 3044 949 3110 sloh
964 3043 1120 3111 Sanebez:
1143 3043 1224 3126 Quia
1238 3043 1387 3127 sigillum¹

140 3147 337 3212 confessionis
360 3148 480 3232 obligat
504 3167 563 3213 nou
586 3149 686 3214 solum
714 3150 855 3232 respectu
886 3149 1035 3226 aliorum,
1070 3148 1124 3214 sed
1153 3148 1250 3213 etiarn
1280 3147 1378 3230 ipsius

138 3251 338 3344 poenitentis,
367 3250 400 3315 id
423 3253 487 3330 est,
525 3271 583 3317 non
616 3253 715 3318 solum
734 3255 868 3318 ‘tenetur
895 3243 1036 3318 s'aoerdos
1059 3271 1116 3317 uon
1139 3252 1283 3335 detegere
1307 3250 1378 3314 aliis

137 3359 298 3438 peceatum
322 3355 461 3421 anditum
485 3348 517 3422 in
540 3357 739 3437 confessione,
762 3359 930 3423 sedetiam
952 3359 1076 3423 tenetur
1091 3357 1176 3428 nullo
1190 3355 1279 3421 modo
1293 3355 1377 3437 loqui

138 3459 175 3523 de
198 3459 265 3541 ipso
286 3478 355 3524 oum
378 3459 554 3543 poenitente
578 3464 663 3526 extra
684 3462 921 3540 contessionem,
945 3481 1000 3527 neo
1023 3462 1219 3544 exprobrare,
1243 3478 1299 3523 nec
1322 3459 1376 3523 ob·

78 3561 84 3570 ’
135 3564 229 3646 jioere
251 3564 307 3629 iffi.
320 3565 445 3642 crimen,
469 3584 525 3633 neo
547 3565 579 3628 iu
603 3565 782 3631 memoriam
805 3585 963 3632 revocare:
987 3567 1128 3649 quamvis
1148 3565 1229 3629 enim
1252 3561 1375 3627 nonsit

137 3667 247 3732 fraotio
270 3668 367 3752 sigilli
388 3669 589 3752 proprie,*est
612 3670 717 3733 tamen
740 3670 894 3752 quoddam
918 3688 1016 3753 genus
1032 3671 1120 3754 quasi
1135 3669 1374 3735 revelationiset

137 3771 303 3836 offenditur
326 3773 465 3856 sigillum
476 3773 512 3857 4).
557 3771 620 3837 Mit
652 3773 790 3838 Sanehez
824 3775 983 3838 stimmen-
1003 3775 1145 3842 liberein:
1178 3776 1270 3842 Solus
1291 3779 1322 3844 4.
1345 3777 1374 3842 d.

139 3876 188 3941 18.
209 3895 238 3958 q.
259 3877 289 3944 4.
311 3878 368 3941 art.
393 3877 423 3942 6.
448 3876 531 3943 verb.
555 3875 669 3955 Quodsi
692 3875 878 3955 seisoiteris3
898 3879 1025 3944 Metina
1040 3881 1081 3945 tr.
1098 3881 1138 3945 ll.
1155 3881 1193 3945 de
1208 3879 1327 3946 Confes.
1345 3901 1374 3964 q.

137 3979 174 4044 de
196 3979 254 4056 his,
279 3999 356 4062 quae
379 3999 397 4043 a
418 3979 591 4044 'confessore
613 3979 741 4044 celanda
761 3984 851 4062 sunt;
883 3985 1052 4051 Nooarrus
1074 4005 1099 4052 e.
1124 3985 1205 4050 inter
1227 3969 1320 4052 verba
1342 3988 1374 4051 in
1441 3983 1444 3986 ’

136 4102 204 4149 nov.
228 4082 302 4148 edit.
315 4083 432 4148 eorrol.
457 4085 507 4149 59.
532 4105 561 4149 n.
587 4085 667 4162 1oO;
690 4085 850 4153 Bartae
874 4089 1027 4154 Ledesme
1048 4089 1086 4154 de
1102 4091 1215 4172 poenit.
1231 4090 1303 4155 dub.
1317 4091 1395 4167 343·

241 4257 267 4326 1)
287 4255 410 4322 Armilla,
428 4257 501 4312 verb.
518 4257 668 4314 Confessor
688 4275 714 4315 n.
734 4261 757 4314 7.

239 4343 266 4412 2)
284 4342 416 4412 Alphonsi
434 4345 466 4400 de
485 4346 602 4415 Ligurio,
621 4345 716 4401 Theol.
734 4347 832 4403 Moral
849 4347 895 4403 lib.
916 4349 963 4404 VI.
982 4352 1017 4402 tr
1036 4349 1084 4403 IV.
1100 4349 1147 4418 Cp.
1165 4349 1202 4404 II.
1222 4349 1283 4404 dub.
1301 4349 1338 4404 11.

239 4430 266 4495 3)
284 4429 388 4484 lbidem
406 4447 452 4500 pg.
470 4431 529 4485 241.
546 4449 572 4487 n.
591 4431 650 4487 657.

238 4514 268 4582 4)
287 4514 328 4570 De
346 4517 519 4572 matrimonio
537 4519 585 4574 lib.
602 4519 653 4574 III.
674 4519 750 4588 Disp.
769 4518 842 4574 XVI.
861 4536 906 4589 pg.
924 4520 984 4573 232.
