3109 4859
148 817 285 899 1111111
312 812 722 914 11111111111111111.
750 807 897 890 1111111
923 801 1204 915 [1111111111
1232 807 1388 917 [plsepp.

273 1042 275 1054 Ι
617 933 914 1013 Radsbonemem.
994 1041 996 1045 Ι
1274 930 1286 940 ”

188 1073 232 1152 (cl.
250 1074 327 1130 Dect.
346 1090 368 1128 s.
387 1071 486 1142 Cougr.
505 1070 615 1142 Indulg.
635 1070 680 1128 dd.
699 1071 746 1163 21..
758 1069 840 1126 Mart.
860 1068 935 1133 1878,
955 1070 1079 1151 Archiv,
1096 1072 1118 1126 1
1137 1069 1180 1126 43.
1198 1085 1226 1138 p.
1244 1068 1279 1122 53
1296 1065 1349 1136 sq.)

458 1195 541 1260 Ilnre
563 1214 600 1260 ac
620 1194 736 1260 11111111
758 1191 916 1259 Danaae!

252 1315 429 1399 vigesimus
463 1315 527 1398 jam.
562 1315 625 1380 lere
664 1333 763 1379 annus
797 1315 861 1391 est,
903 1331 939 1377 ex
976 1330 1042 1394 quo
1075 1310 1194 1375 nulium
1228 1309 1389 1374 beatomm

148 1419 319 1502 martyrum
342 1437 451 1500 corpus
474 1437 490 1482 1
512 1418 708 1484 coemeteriis
729 1418 877 1494 romanis,
898 1435 978 1499 quae
1002 1413 1211 1481 Galacumbae
1233 1413 1388 1489 11111111,

147 1522 178 1586 11
201 1521 301 1586 lucem
322 1521 513 1600 extractum,
539 1522 608 1604 piae
631 1522 769 1588 fidelium
793 1519 999 1598 venerationi,
1022 1516 1166 1602 legitima
1187 1516 1388 1592 auctoritate,

149 1625 338 1708 propositum
362 1625 419 1689 est.
465 1625 673 1707 Quapropter,
704 1625 780 1691 licat
799 1624 975 1708 petentibus
997 1620 1124 1699 multis,
1148 1621 1184 1684 ut
1202 1619 1264 1684 sibi
1285 1619 1391 1702 aliqua

149 1728 320 1814 martyrum
351 1748 477 1812 corpora
510 1729 767 1807 concederentur,
803 1727 1000 1795 nullomodo
1023 1722 1415 1810 1111111111(1111111111,Ι

149 1831 293 1898 satisfieri
316 1831 427 1914 potuit.
472 1831 531 1896 Sed
556 1832 700 1916 proximis
731 1833 781 1899 his
810 1831 986 1915 praeteritis
1016 1829 1122 1905 annis,
1155 1827 1264 1912 ejectis
1285 1846 1302 1891 e
1325 1826 1390 1890 suis

46 1939 47 1942 ’
81 1921 85 1924 ’
149 1934 276 2006 aedibus
298 1952 368 1998 cum
391 1933 465 1999 viris
487 1934 655 2019 religiosis,
686 1938 755 2002 tum
780 1935 952 2020 virginibus
971 1933 1078 2011 sacris,
1101 1931 1245 1997 effectum
1264 1932 1329 2009 est,
1353 1931 1390 1993 ut

149 2038 252 2120 plures
276 2037 423 2104 ecclesiae
445 2039 641 2104 diruerentur
652 2041 701 2106 vel
716 2040 960 2123 publicarentur,
979 2040 1011 2104 et
1031 2035 1215 2103 Sanctorum
1231 2033 1389 2118 reliquiae,

122 2166 124 2170 ’
149 2159 227 2224 quae
244 2139 367 2224 jamdiu
390 2160 406 2206 1
426 2142 617 2207 coemeteriis
639 2146 795 2209 1111111111
810 2145 844 2208 11
859 2141 973 2207 arculis
986 2139 1100 2225 ligneis
1115 2137 1291 2204 reconditae
1306 2138 1391 2202 intra

23 2329 25 2332 Ι
149 2243 404 2308 monasteriorum
428 2246 565 2311 claustra
589 2247 636 2312 rel
659 2247 716 2312 sub
740 2247 893 2313 altaribus
914 2243 1147 2321 delitescebant,
1171 2261 1231 2308 uua
1255 2260 1326 2306 cum
1340 2259 1389 2305 re-

148 2349 233 2430 liqua
266 2348 466 2414 ecclesiarum
499 2350 693 2434 supellectile
728 2370 782 2434 per
815 2340 942 2416 Italiam
973 2347 1095 2431 publice
1117 2345 1388 2412 venumdarentur.

38 2535 39 2538 Ἴ
148 2452 218 2516 Non
238 2451 402 2516 defuerunt
426 2453 564 2519 homiues
587 2475 606 2520 a
628 2454 688 2520 fide
711 2455 805 2520 alieni
827 2457 860 2519 et
883 2454 931 2519 rel
946 2452 1021 2536 ipsis
1040 2446 1388 2516 infidelibuscbristiani

150 2555 287 2620 homines
310 2557 440 2639 peiores,
469 2559 522 2642 qui
544 2578 597 2642 spe
619 2560 697 2624 lucri
720 2579 772 2624 aas
795 2560 949 2636 emerent,
972 2576 1139 2640 earumque
1163 2555 1259 2626 ueluti
1281 2574 1388 2620 mono·

150 2660 266 2742 polium
289 2661 476 2726 constituere
500 2663 721 2730 adniterentur.

253 2764 341 2848 Quod
364 2749 548 2831 orsaorabile
580 2766 797 2831 commercium
824 2766 932 2831 statim
959 2785 996 2831 ae
1025 2763 1161 2829 innotuit
1187 2763 1390 2830 Sanctissimo

151 2868 281 2933 Domino
310 2868 424 2933 Nostro
448 2868 548 2934 Leom
571 2867 676 2934 XIII.
706 2868 849 2934 Pontifici
881 2868 1031 2946 Maximo,
1066 2865 1239 2932 venditores
1273 2867 1390 2954 pariter

150 2975 243 3056 atque
265 2967 418 3054 emptores
440 2972 478 3040 ab
501 2973 640 3055 incoepto
667 2972 818 3039 deterruit
847 2992 881 3039 eo
912 2973 1054 3049 decreto,
1088 2970 1184 3054 quod
1203 2970 1269 3054 ejus
1302 2970 1394 3054 jussu.

150 3096 237 3142 sacra
271 3077 478 3162 Congregatio
508 3077 714 3162 indulgentiis
739 3079 770 3160 11
798 3078 895 3143 sacris
916 3074 1267 3160 Reliquiispraeposita
1290 3073 1389 3140 edidit
1464 3068 1468 3075 “

151 3181 201 3247 die
223 3183 274 3247 21.
293 3181 470 3248 Decembris
489 3201 569 3268 anno
596 3183 689 3267 1878.
725 3182 884 3261 Attamen,
908 3201 987 3265 quae
1010 3183 1183 3264 temporum
1206 3179 1391 3262 perversitas

152 3288 217 3365 est,
241 3284 380 3352 homines
399 3286 547 3370 pecuniae
567 3289 689 3352 tantum
712 3287 870 3353 inhiantes
893 3285 1073 3369 animaeque
1095 3283 1300 3368 negligentes,
1320 3302 1390 3347 cum

153 3410 210 3456 non
234 3391 367 3474 amplius
387 3390 418 3455 iu
444 3390 593 3455 Pontifice
617 3390 748 3456 Maximo
774 3410 842 3456 eam
867 3391 1052 3473 potestatem
1068 3389 1276 3465 revereantur,
1296 3407 1392 3471 quaa

153 3515 184 3560 rc
206 3495 271 3559 tam
295 3494 415 3559 nelaria
437 3495 570 3559 coerceri
592 3496 781 3578 potuissent,
812 3495 932 3561 occulte
966 3513 1002 3558 ac
1024 3491 1133 3577 maiori
1157 3490 1261 3557 studio
1281 3492 1319 3557 ab
1343 3491 1392 3556 in-

153 3602 259 3685 coepto
283 3618 371 3683 opere
395 3599 521 3675 minime
544 3599 742 3664 destiterunt.

257 3704 386 3769 Interim
407 3722 478 3770 vero
500 3704 603 3788 plures
619 3699 853 3782 christifideles,
876 3703 1055 3788 ignorantia
1074 3701 1167 3786 hujus
1184 3699 1310 3780 decreti,
1333 3691 1393 3765 Dei

154 3811 186 3874 et
208 3807 367 3894 religionis
390 3828 492 3873 amore
515 3808 619 3887 ducti,
653 3809 736 3874 reete
770 3827 803 3874 se
833 3827 924 3893 agere
946 3808 1091 3892 putantes
1114 3805 1141 3871 si
1163 3825 1200 3871 err
1220 3802 1393 3870 infidelium

154 3914 296 3980 manibus
319 3913 463 3998 reliquias
486 3913 662 3999 Martyrum
684 3913 881 3993 redimerent,
901 3913 1023 3979 arculas
1044 3910 1165 3996 ligneas
1186 3909 1298 3993 quibus
1319 3908 1393 3974 illae
1439 3901 1454 3909 ’

154 4017 407 4097 continebantur,
432 4018 548 4103 ingenti
573 4019 668 4084 etiam
688 4018 805 4102 pretio,
833 4017 894 4084 sibi
915 4015 1189 4100 comparaveruut,
1220 4031 1332 4098 easque
1354 4010 1393 4076 ad

153 4121 397 4205 lipsanotbecam
422 4123 588 4202 urbanam,
622 4125 658 4188 ut
680 4123 900 4206 probarentur,
924 4121 1112 4186 detulerunt.
1157 4119 1273 4184 liarum
1294 4113 1394 4200 igitur

155 4225 318 4290 nonnullae
340 4228 457 4292 veteres
479 4227 603 4293 litteras
626 4227 824 4293 authenticas
846 4245 951 4292 secum
973 4223 1157 4303 afferebant,
1187 4220 1268 4287 aliae
1289 4217 1394 4282 autem

154 4329 193 4393 iis
216 4348 339 4412 prorsus
361 4331 525 4410 carebant,
548 4351 654 4398 omnes
670 4351 738 4398 cnm
759 4331 867 4417 signis,
891 4333 958 4396 tum
976 4327 1086 4395 ceteris
1101 4324 1234 4403 indiciis,
1259 4320 1396 4404 antiqui·

155 4433 233 4504 tatis
254 4434 386 4519 speciem
407 4454 479 4519 prae
495 4455 527 4502 se
543 4436 691 4504 ferebant.
730 4436 880 4502 instituto
908 4433 1047 4500 examine
1067 4429 1257 4513 retentisque
1271 4424 1393 4504 arculis,
