3109 4859
87 149 92 156 ‚
182 78 245 160 160
486 85 597 148 Stelai.
619 83 717 162 Capit.
736 90 825 147 meir.
845 85 984 148 dromon
1001 109 1066 162 cap.
1086 84 1114 147 9.

182 267 333 333 4144441
356 263 588 331 Marchionatus
612 266 786 346 Menariae,
818 266 855 329 de
883 265 966 331 faeta
994 265 1220 332 intabulatione
1244 267 1425 351 diplomatis

182 372 270 456 regii,
294 391 385 454 super
407 371 546 436 incolatu
568 373 600 436 44
623 371 738 454 praesti
727 373 773 435 o
740 370 956 434 1141414414
972 371 1158 453 juramento.

285 476 314 540 5.
360 474 582 539 Testimonium
611 492 701 556 super
729 473 858 537 docendi
880 492 950 537 444
974 493 1136 556 progressu
1157 475 1289 557 perscha
1311 475 1423 539 decen·

182 579 245 644 nali
267 597 340 644 cura
363 579 546 654 animarum,
570 577 619 642 441
642 577 799 642 444441444
824 595 950 640 munere
975 577 1158 642 Professoris
1180 565 1347 663 theologici
1365 580 1423 651 aut

181 683 344 749 Seminarii
363 682 516 748 clericalis
539 680 719 765 Superioris.
812 755 814 760 ,
915 701 924 746 ι
961 728 963 732 ⁴

284 787 312 870 ἕ.
336 788 366 852 3.
411 785 444 851 Si
466 787 565 870 igitur
587 787 786 850 residentiam
810 805 918 851 vacare
940 786 1117 870 contigerit,
1140 785 1221 870 qued
1237 786 1344 870 utique
1359 788 1422 851 Ar·

181 889 827 974 4114414444444441444141104414414
855 909 973 972 semper
1003 890 1220 954 insinuandam
1251 892 1326 966 4414,
1355 893 1421 956 sta-

179 995 297 1060 tuitur:
320 996 357 1063 441
373 994 520 1058 Canonici
535 994 757 1070 domicellam,
779 994 944 1058 secundum
961 994 1100 1057 ordinem
1121 993 1422 1059 44441104444144444
1437 981 1445 998 Χ

181 1099 213 1162 in
215 1103 265 1163 tra
298 1117 349 1162 444
383 1097 466 1181 Sept'
458 1117 630 1162 rmanarum
667 1102 737 1182 spat
738 1098 803 1162 ium
833 1117 851 1162 a
878 1099 927 1162 die
950 1119 1003 1180 per
1025 1099 1251 1193 procuratorem
1277 1100 1421 1164 obtentae

181 1202 386 1266 intimationis
409 1221 441 1266 44
463 1203 577 1285 scripto
601 1202 776 1284 declarent,
811 1221 849 1265 an
876 1221 929 1283 pro
923 1196 1010 1267 1444
1030 1203 1096 1266 4144
1118 1184 1333 1326 supersedere,
1365 1203 1422 1268 aut

181 1306 379 1371 residentiam
402 1305 518 1370 intrare
541 1305 648 1372 velint

285 1411 312 1494 g
335 1410 365 1472 4.
411 1408 471 1490 Qui
493 1408 696 1474 residentiam
716 1408 802 1473 adire
824 1427 856 1473 se
880 1390 1084 1486 dolerenam,
1113 1428 1165 1491 per
1186 1409 1420 1473 Procuratorem

181 1535 271 1580 suum
294 1514 378 1578 fideli
401 1513 545 1596 Capitale
567 1513 669 1577 omnia
692 1514 864 1577 necessaria
886 1515 919 1577 44
941 1513 1129 1595 praescripta
1158 1531 1210 1595 pro
1233 1511 1420 1595 capessenda

109 1627 115 1642 ’
181 1618 349 1684 residentia
367 1619 518 1701 requisita
540 1617 697 1694 4414114441,
727 1616 865 1681 exhibita
894 1635 913 1680 a
942 1614 1060 1680 dnobus
1082 1616 1120 1680 de
1142 1617 1259 1700 gremio
1283 1616 1420 1699 Capituli

181 1722 404 1788 constituendis
426 1721 625 1799 tonsoribus,
659 1721 858 1785 revideantnr
889 1721 921 1785 et
943 1720 1146 1812 indagentur,
1180 1741 1220 1784 an
1253 1721 1284 1783 in
1321 1721 1420 1784 forma

181 1827 268 1892 debit
269 1847 297 1904 a,
321 1845 445 1892 numero
465 1826 625 1908 completo,
651 1825 796 1907 nulloque
819 1824 893 1888 vitio
916 1825 972 1887 444
957 1822 1117 1888 tdeiectu
1131 1824 1284 1901 laborans,
1305 1824 1420 1908 dequo

181 1931 251 1996 dein
274 1930 363 1995 44144
339 1933 384 1995 444
407 1929 445 1994 41
470 1929 559 1994 fidele
583 1928 760 2011 Capitulum
784 1926 849 1990 fiat.

284 2034 313 2117 ξ.
337 2034 367 2100 5.
405 2031 437 2098 Si
461 2033 613 2115 quispiam
638 2032 774 2096 14144444
799 2030 1018 2114 provenirett
1003 2030 1078 2094 44114
1093 2049 1146 2113 per
1164 2029 1417 2095 reexhibilionem

180 2137 322 2222 requisiti
341 2136 522 2230 qualificati,
547 2137 601 2200 444
617 2135 842 2218 producendam
859 2135 912 2198 414
891 2135 1010 2198 4444144
1027 2133 1144 2216 regiam
1160 2134 1418 2216 dispensationem

181 2245 213 2307 in
234 2242 366 2307 termino
386 2247 490 2306 44444
514 2241 644 2305 4114444
668 2259 719 2306 444
737 2239 989 2322 Septimanorum
1007 2239 1089 2302 4114
1108 2240 1304 2303 Procuratorl
1319 2239 1419 2303 iactae

180 2345 386 2411 intimationis
406 2345 553 2422 tollatur,
585 2343 694 2427 quodsi
716 2342 748 2407 id
771 2342 839 2407 fieri
861 2343 1044 2425 nequiverit,
1076 2361 1131 2424 pro
1152 2342 1210 2406 hac
1232 2343 1300 2407 4144
1323 2362 1419 2408 aucu-

181 2469 256 2533 pans
279 2449 463 2514 residentiae
485 2448 682 2531 supersedere
705 2447 811 2525 141444,
846 2449 878 2512 44
905 2447 942 2510 -14
976 2446 1083 2510 441144
1105 2445 1189 2527 Senii
1211 2445 1418 2512 canonicatus

181 2554 369 2637 subsequens
392 2551 620 2628 Domioellaris,
644 2546 669 2615 41
692 2550 836 2616 omnibns
857 2549 1017 2633 requisitis
1038 2549 1193 2633 provisum
1215 2569 1248 2614 44
1270 2550 1418 2629 docuerit,

182 2656 221 2722 ad
243 2657 443 2721 residentiam
466 2654 677 2720 admittendus
700 2654 768 2718 erit.
1382 2730 1385 2734 Α

246 2834 250 2845 .
286 2759 313 2844 ξ.
337 2761 367 2825 6.
414 2758 582 2842 Requisitis
602 2757 711 2822 revisis
734 2759 765 2820 44
788 2756 821 2819 14
841 2757 928 2819 41414
958 2756 1063 2820 debito
1093 2756 1243 2835 14444114,
1278 2777 1314 2822 44
1346 2777 1419 2823 444-

181 2865 345 2947 sequenter
368 2862 493 2931 4111411
516 2861 659 2944 (14411414
682 2860 859 2943 approbatis
883 2859 1079 2925 celsissimus
1109 2861 1256 2943 Princeps
1289 2863 1419 2925 Archia-

181 2969 323 3051 piscopus
344 2967 562 3050 supplicandus
585 2967 654 3041 erit,
674 2966 710 3029 ut
732 2966 764 3028 in
788 2963 1003 3028 conformitate
1018 2965 1204 3029 adnerornm
1221 2965 1419 3031 documento

183 3091 267 3150 rum,
291 3073 414 3155 utpote,
439 3071 612 3153 Diplomate
637 3069 840 3146 Doctoretm,
872 3068 1050 3133 testimonio
1083 3087 1175 3151 snper
1206 3069 1239 3134 in
1273 3070 1419 3152 praelatis

181 3177 338 3240 laboribus
360 3175 575 3240 ecclesiasticis
610 3173 776 3239 exantlatis
811 3173 913 3252 annis,
949 3173 1090 3238 chemate
1119 3173 1249 3257 deniqne
1282 3172 1416 3237 omnium
1463 3228 1471 3252 ,

87 3305 89 3316 ·
178 3284 246 3346 tam
267 3279 510 3344 residentialinm
533 3299 626 3362 qnam
649 3277 893 3343 domicellarium
916 3277 979 3341 4414
980 3278 1114 3342 tentiam
1135 3279 1348 3346 canonicorum
1364 3293 1417 3358 pro

179 3384 338 3450 talismodi
355 3383 568 3448 Domioellaris
590 3402 769 3449 consensum
786 3382 906 3492 regium
923 3382 963 3446 ad
979 3383 1199 3465 capessendum
1218 3381 1420 3447 residentiam

180 3507 385 3554 4444444444
408 3487 638 3570 dedignaretur

284 3592 313 3675 ὅ.
338 3592 367 3658 7.
413 3591 571 3656 1144414114
592 3591 746 3654 411144144
768 3589 855 3672 regie
876 3589 909 3653 in
925 3589 1008 3654 omni
1023 3608 1096 3654 4444
1108 3590 1312 3673 exspectanda
1326 3586 1418 3650 44411.

284 3695 312 3779 ς.
338 3695 367 3758 8.
414 3694 459 3759 De
479 3713 627 3760 consensu
651 3693 909 3787 altissimelregio
932 3695 1036 3758 secuto
1053 3695 1210 3758 intimatio
1226 3691 1329 3756 subito
1342 3689 1419 3751 Pro-

179 3801 314 3866 curatori
339 3798 484 3865 (14444141
506 3797 715 3864 concernentia
738 3797 879 3861 iacienda
903 3799 971 3862 orit
1023 3796 1233 3863 Procuratoris
1263 3794 1328 3870 est,
1297 3790 1418 3856 tsnb

181 3924 272 3970 onere
294 3902 434 3988 propriae
452 3902 655 3985 responsionis
673 3902 889 3966 incunctanter
907 3903 1136 3967 Procurandum
1152 3900 1189 3964 de
1204 3918 1239 3961 eo
1256 3895 1419 3960 certiorem

183 4008 326 4086 reddere,
356 4011 391 4073 41
421 4009 448 4072 14
481 4007 659 4072 beneficium
691 4009 834 4071 curatum
864 4009 1038 4090 resignare,
1073 4011 1104 4071 41
1128 4025 1146 4070 4
1170 4008 1305 4085 tempore
1335 4000 1419 4065 fideli

182 4113 274 4196 Capit
260 4112 403 4177 14141
354 4132 388 4176 44
388 4113 493 4178 limati
521 4129 685 4176 consensus
708 4110 788 4194 regii
810 4111 894 4175 intra
917 4130 969 4176 444
989 4109 1197 4176 hebdomadas
1218 4107 1420 4171 residentiam

182 4218 273 4283 hocse
297 4215 386 4280 modo
405 4215 549 4279 inchoare
569 4214 681 4292 441441,
704 4215 740 4278 44
704 4213 942 4296 anpitulum
965 4213 1276 4279 extraordinariuma
1298 4211 1419 4275 Decano

180 4321 230 4386 441
253 4320 399 4385 Ρ4444114
420 4318 556 4402 Capituli
580 4319 647 4401 post
634 4318 731 4393 t,ulet
763 4319 795 4381 iu
818 4337 853 4382 eo
876 4320 1053 4404 compareat
1072 4319 1104 4382 et
1125 4316 1276 4401 praestito
1299 4313 1420 4398 pr'eenie

178 4425 355 4507 juramento
377 4423 468 4488 441114
488 4424 557 4507 jure
578 4423 704 4488 rotandi
725 4425 756 4488 44
778 4423 860 4487 44114
882 4423 1084 4507 competentis
1108 4425 1224 4512 utatur.
