3109 4859
246 100 359 165 Monta
376 101 463 167 XIII.
483 115 577 166 const.
596 103 633 166 dc
652 103 864 166 conaremini.
883 104 976 183 episc.
992 114 1022 166 ct
1039 125 1101 182 rep.
1121 104 1262 181 Acyllae.
1314 82 1376 159 231

137 281 171 345 et
193 280 258 345 Nos
280 277 420 345 uolumus
444 278 535 345 firma
557 280 651 364 atque
673 281 798 365 intcgra
819 279 982 364 privilegia
1004 299 1127 346 manera
1149 300 1228 366 quaa
1250 281 1316 347 illis
1338 283 1376 349 ab

136 383 315 467 Apostolica
337 382 415 449 Sede
439 383 552 450 collata
574 387 656 463 sunt,
681 386 772 467 prout
795 387 900 469 aperte
923 387 970 453 est
989 384 1181 450 declaratum
1195 404 1275 451 anno
1295 388 1379 453 1874

136 507 156 553 a
179 506 266 553 sacro
286 487 413 552 consilio
434 486 603 553 christiano
626 488 742 553 nonuini
764 487 979 574 propagando,
1009 508 1104 571 qaum
1133 490 1205 554 acta
1227 487 1377 572 expende·

136 598 244 657 rentur
266 590 396 656 Consilii
420 582 620 658 Prouincialis
644 592 985 676 westmonasteriensis
1008 592 1074 679 41).

242 694 343 775 Quum
374 712 422 759 res
450 694 481 759 iu
512 693 591 759 vado
613 694 656 760 sit
678 695 760 779 quod
783 695 822 760 ad
846 694 968 760 scholas
990 693 1105 761 attinet
1126 696 1159 762 et
1177 695 1308 781 collegia
1329 714 1379 761 re·

138 798 293 883 galerium
314 798 381 882 jam
404 796 591 877 constituta,
622 798 724 864 adhuc
755 800 861 864 minan
883 799 931 864 cst
954 797 988 863 in
1009 798 1155 883 ancipiti,
1182 800 1209 866 si
1231 798 1269 865 de
1292 799 1379 865 novis

138 901 293 987 erigendis
316 898 439 993 agatur.
486 901 533 966 De
553 901 603 967 his
633 902 715 968 enim
742 902 921 986 quaesitum
954 920 994 967 au
1028 903 1061 967 et
1091 903 1181 985 cujus
1212 904 1378 988 superioris

140 1006 230 1095 venia
251 1006 294 1071 sit
313 1004 532 1089 impetranda?
576 1004 671 1071 Porro
694 1024 764 1071 cum
787 1004 882 1073 latius
905 1023 942 1071 aa
964 1003 1120 1071 dubitatio
1141 1007 1251 1091 pateat
1271 1007 1305 1073 et
1329 1025 1381 1073 ec·

138 1107 301 1173 clesiarum
324 1125 449 1191 quoque·
466 1126 504 1174 ac
526 1108 740 1174 coenobiorum
763 1109 947 1190 erectionem
967 1109 1144 1193 pertingat,
1175 1111 1278 1177 omnia
1300 1109 1379 1176 haec

138 1214 228 1277 unius
250 1212 420 1295 questionis
442 1213 474 1277 et
493 1212 604 1295 iudicii
626 1212 770 1279 terminis
793 1212 1036 1299 complectimur.
1082 1214 1189 1297 Atque
1208 1212 1260 1277 hic
1279 1211 1378 1294 primo

138 1317 303 1382 occurrunt
326 1316 506 1383 Decretales
529 1318 665 1396 ramnes,
692 1318 805 1402 quibus
827 1306 876 1382 est
898 1318 1024 1386 cautum
1047 1334 1085 1381 ne
1107 1316 1185 1399 quid,
1202 1315 1379 1410 huiusmodi
1403 1349 1407 1356 ·

138 1421 301 1504 quisquam
336 1420 514 1487 institueret
547 1421 662 1506 absque
695 1421 784 1488 Sedis
813 1410 1009 1507 apostolicae
1042 1420 1170 1486 licentia
1205 1421 1331 1505 speciali
1342 1418 1377 1507 ²).

140 1524 341 1590 Postmodum
361 1524 543 1591 Tridentina
565 1525 705 1611 Synodus
734 1526 767 1592 in
798 1527 904 1593 ecdem
927 1522 1038 1610 gauere
1060 1524 1227 1608 quidquam
1252 1543 1378 1609 opernm

138 1627 204 1693 fieri
226 1628 385 1713 prohibuit
409 1630 494 1695 »siue
508 1630 661 1714 Episcopi,
683 1631 716 1695 in
732 1629 820 1714 cujus
836 1629 969 1717 dioecesi
985 1627 1133 1713 erigenda
1148 1628 1230 1707 sunt,
1250 1628 1380 1694 licentia

142 1731 244 1816 »prius
264 1732 391 1797 obtenta
399 1735 464 1817 1)«ι;
485 1735 672 1821 quotamen
693 1733 824 1799 concilii
848 1733 971 1798 decreto
995 1731 1077 1797 baud
1100 1732 1149 1797 est
1170 1730 1380 1815 superioribus

139 1835 260 1921 legibus
281 1835 472 1920 derogatum,
497 1838 619 1903 reniam
642 1838 681 1903 ab
703 1836 882 1920 Apostolica
905 1836 983 1902 Sede
1004 1835 1166 1920 impetrari
1185 1835 1377 1918 jubentibus.

141 1942 333 2023 Quapropter
356 1960 426 2006 cum
449 1960 485 2007 aa
508 1942 540 2007 in
562 1961 595 2008 ra
617 1941 747 2007 liberius
769 1942 885 2025 passim
907 1942 1068 2025 ageretur,
1091 1940 1235 2005 Urbanus
1257 1937 1378 2021 vius)

140 2034 266 2127 pravam
290 2044 543 2111 consuetudinem
567 2034 797 2123 emendaturus,
819 2063 912 2128 opera
932 2042 1084 2129 ejusmodi
1103 2041 1292 2127 improbavit
1313 2044 1379 2121 tarn

139 2166 218 2232 quae
242 2148 307 2213 sine
329 2149 420 2215 vania
439 2148 598 2233 Episcopi,
622 2168 717 2233 quam
738 2167 818 2232 quac
839 2148 906 2213 sola
927 2146 1012 2213 illius
1034 2147 1222 2214 auctoritate
1244 2145 1381 2228 suscipe·

138 2249 260 2328 reutnr,
292 2255 324 2319 et
347 2256 485 2319 ratarum
506 2270 657 2319 canonum
682 2252 775 2319 simul
799 2251 989 2334 Conciliiqne
1009 2250 1184 2316 Tridentini
1206 2249 1292 2333 leges
1311 2263 1382 2312 omi

139 2355 210 2421 uino
232 2356 263 2420 in
285 2358 441 2441 posterum
461 2356 577 2422 servari
592 2356 738 2423 docrevit.
760 2356 832 2421 Huc
847 2354 941 2420 etiam
957 2354 1110 2437 spectavit
1128 2352 1325 2418 innocentius
1337 2349 1376 2416 X.

139 2459 169 2523 iu
193 2458 360 2526 Constitui.
406 2460 641 2527 Instaurcnduc
662 2459 779 2525 Idibus·
792 2457 934 2525 Octobris
959 2458 1053 2538 1652,
1081 2476 1142 2541 qna
1164 2455 1320 2540 praecepit
1342 2456 1379 2519 ut
1410 2534 1413 2540 ⁸

139 2582 227 2628 nemo
250 2583 286 2628 er
310 2564 438 2629 familiis
472 2563 666 2648 regularibus
699 2562 825 2628 »domos
847 2562 896 2627 vel
920 2562 988 2627 loca
1009 2578 1219 2645 quaecumque
1241 2558 1280 2623 da
1302 2576 1379 2623 novo

140 2666 295 2749 »recipere
329 2668 377 2733 val
412 2666 542 2733 lundata
575 2659 768 2751 praesumat
783 2666 898 2750 absque
927 2664 1014 2731 Sedis
1034 2662 1380 2755 spostolicaelicentia

140 2770 316 2853 ›speciali‹
363 2771 464 2852 Quare
486 2771 657 2837 communis
680 2769 771 2836 hodie
793 2769 950 2835 sannatia
975 2770 1038 2846 est,
1072 2768 1122 2834 cui
1150 2768 1235 2833 lauat
1264 2766 1379 2850 passim

138 2892 240 2939 rarum
260 2873 472 2957 judicatarum
495 2874 676 2953 auctoritas,
696 2894 755 2939 non
777 2873 871 2957 licere
886 2873 1092 2957 regularibus,
1108 2875 1173 2937 tam
1188 2871 1272 2935 intra
1284 2889 1378 2955 quam

139 2981 225 3044 extra
246 2979 390 3059 Italiam,
423 3000 502 3047 nova
521 2980 709 3046 monastaria
731 2982 787 3045 aut
808 2980 977 3046 conventus
997 2978 1062 3043 sire
1084 2975 1216 3058 collegia
1237 2972 1380 3053 fundare,

137 3084 204 3148 sola
225 3082 367 3167 Episcopi
388 3083 477 3149 venia
497 3083 675 3166 impetrata,
699 3083 753 3148 sed
775 3082 930 3147 indultam
954 3097 1074 3164 quoque
1097 3097 1117 3144 a
1141 3076 1219 3143 Sede
1246 3074 1379 3160 Aposto-

139 3187 198 3251 lica
220 3187 400 3253 facultatem
426 3186 543 3269 requiri
551 3185 589 3272 5).
634 3186 748 3251 Iisdem
784 3185 930 3251 insistens
965 3181 1108 3267 vestigiis
1144 3199 1266 3246 sacrum
1300 3179 1380 3245 Gon-

138 3290 241 3356 silium
264 3291 433 3357 christiano
456 3290 571 3355 nomini
591 3290 789 3375 propagando
807 3289 924 3373 pluries
944 3286 1090 3365 decrevit,
1108 3285 1228 3351 reniam
1245 3284 1379 3367 Aposto-

137 3395 217 3460 licae
239 3394 327 3460 Sedis
348 3396 381 3459 et
403 3394 543 3477 Episcopi
574 3394 630 3459 aut
653 3393 770 3458 Vicarii
798 3391 969 3475 Apostolici
1003 3388 1142 3456 ecclesiis
1176 3386 1377 3469 collegiisque

138 3498 303 3581 erigendis,
327 3498 422 3564 etiam
445 3497 477 3562 in
500 3497 706 3573 missionibus,
730 3496 784 3561 ubi
803 3495 942 3579 religiosi
965 3493 1085 3559 sodales
1101 3493 1207 3558 domos
1228 3489 1377 3572 sedesque

137 3585 377 3680 habeantsesse
401 3600 524 3668 omnino
548 3602 749 3667 necessariam
759 3600 796 3687 1).
843 3600 902 3665 His
925 3617 998 3683 ergo
1021 3598 1059 3662 dc
1081 3597 1184 3662 causis
1206 3593 1245 3660 ad
1268 3611 1377 3677 propo·

242 3757 269 3825 1)
287 3756 393 3811 Decret.
411 3755 454 3812 26.
511 3820 517 3829 .

241 3842 269 3912 2)
287 3841 352 3912 Gap.
371 3841 568 3913 Religicsornm
588 3843 615 3911 θ.
634 3844 836 3913 confirmatas
859 3845 897 3899 dc
914 3843 1004 3913 reliq.
1022 3842 1136 3895 demit.
1154 3840 1183 3893 et
1199 3853 1256 3906 cap.
1276 3837 1324 3891 Ea
1342 3852 1377 3890 eo

138 3929 172 3983 de
189 3945 286 3985 excess.
303 3930 418 4001 praelat.
435 3930 463 3984 in
482 3929 506 3985 6.

242 4017 271 4084 8)
290 4014 389 4071 Concil.
407 4016 529 4072 Trident.
548 4032 612 4072 ress.
628 4016 670 4072 25.
689 4022 747 4086 cap.
764 4016 791 4069 3.
808 4017 845 4071 dc
867 4016 1015 4096 Rapiatur,

242 4102 270 4173 4)
287 4101 403 4159 Constit.
424 4104 584 4159 Romanus
604 4102 749 4171 Ponttfcc
768 4102 809 4155 13.
828 4100 916 4155 kalen.
936 4096 1102 4170 Septembris
1121 4095 1197 4151 1624.

242 4188 270 4257 5)
289 4187 389 4243 Bened.
407 4186 489 4253 xlv,
508 4190 545 4243 de
564 4186 677 4257 synod.
696 4188 824 4241 dioeces.
844 4183 891 4239 lib.
910 4184 934 4239 9.
952 4200 1008 4254 cap.
1028 4184 1052 4238 1.
1071 4198 1143 4237 nuru.
1152 4183 1178 4237 9.
1190 4210 1221 4220 -
1232 4179 1377 4237 Monacelli

136 4274 265 4344 formul.
284 4276 374 4345 legul.
396 4275 465 4343 part.
483 4273 507 4328 1.
530 4271 575 4327 tit.
596 4272 621 4327 6.
639 4272 716 4327 lorm.
735 4272 776 4327 19.
796 4286 869 4328 num.
887 4272 930 4327 31.

241 4360 268 4427 6)
288 4358 347 4414 Sec.
365 4357 498 4430 Ocngreg.
517 4358 551 4414 de
568 4358 647 4428 Prop.
666 4357 732 4413 Fide
748 4358 777 4411 in
794 4355 915 4412 coetibus
926 4354 1028 4411 habitis
1040 4354 1134 4411 diebus
1148 4355 1191 4410 28.
1201 4355 1282 4410 liert.
1294 4353 1377 4417 laam

138 4447 164 4501 3.
182 4445 248 4501 Nor.
268 4445 344 4510 1688,
363 4446 439 4513 1704,
461 4446 542 4511 1168;
560 4446 602 4503 23.
621 4444 690 4515 Aug.
710 4440 793 4514 1858'3
811 4445 853 4500 81).
872 4443 938 4499 11111
957 4442 1038 4509 1864;
1057 4443 1098 4499 17.
1117 4442 1185 4499 Julii
1203 4442 1279 4498 1865.
