3109 4859
281 75 393 132 Aeonis
412 76 498 131 XIII.
516 82 613 133 corut.
629 78 666 133 de
685 82 823 133 controv.
841 80 899 133 tat.
916 80 1008 148 opica
1026 85 1056 135 et
1073 94 1138 152 rep.
1155 78 1295 151 Angites.
1348 60 1412 129 225

172 247 379 316 constitutum
412 246 481 313 »Ad
510 267 598 315 snam
627 248 825 315 collationem
853 250 1000 317 tenentur
1020 249 1200 329 convenire,
1228 250 1411 335 respondere

175 351 296 437 »parati
317 348 422 417 omnes
445 350 619 419 sacerdotes
641 352 816 418 saeculares
838 354 870 419 et
891 354 1064 437 regulares,
1086 353 1182 420 salvis
1204 372 1311 420 eorum
1327 353 1410 437 juri·

175 457 265 536 ›bns,
286 456 340 540 qui
362 474 468 521 curam
492 456 609 521 habent
631 457 835 521 animarum«
881 457 985 523 Aliter
1007 457 1171 523 dicendum
1194 456 1350 523 videretur
1371 457 1410 523 dc

172 561 313 640 vicariis,
344 560 474 653 aliisque
505 560 658 645 religiosis
687 560 761 627 uiris
792 561 961 645 apostolica
982 562 1092 627 munia
1112 561 1306 628 obeuntibus.
1350 561 1409 627 His

170 666 253 731 enim
274 666 433 749 integrum
456 663 582 748 quidem
604 666 653 730 est
675 665 713 731 de
725 666 801 749 jure
820 667 983 733 renudato
997 684 1016 731 a
1032 665 1211 733 memoratis
1233 663 1408 731 collationi-

171 771 230 838 bus
250 769 530 854 abstinere,prout
550 769 629 834 alius
651 768 712 836 fuit
734 788 753 833 a
775 788 863 835 sacra
886 767 1133 854 Oongrcgutionc
1157 767 1286 855 Ocnoilij
1305 769 1408 834 decla·

49 872 51 877 ’
170 876 272 939 ratum
286 872 321 959 1).
366 872 412 938 At
439 873 504 940 Nos
538 872 665 938 minime
698 873 849 955 praeterit
879 871 1245 941 Concilium-Romanum
1264 872 1407 938 habitum

170 996 249 1044 enno
274 978 356 1042 1725
380 977 566 1043 auctoritate
600 976 761 1042 Benedicti
786 976 877 1043 XllI.
907 976 1037 1060 jussisse
1070 974 1269 1042 confessarios
1302 994 1408 1041 omues

169 1081 264 1147 etiam
298 1101 335 1147 ex
356 1065 523 1147 ⁴ordinibus
555 1080 750 1166 regularibus
780 1081 863 1146 intra
886 1080 962 1145 lines
985 1079 1160 1163 provinciae
1183 1084 1407 1146 commorantes

169 1188 275 1252 coetus
307 1185 379 1251 illos
410 1186 566 1251 celebrare
605 1184 789 1251 »dummodo
825 1185 957 1251 morales
993 1184 1027 1250 iu
1065 1185 1170 1251 eorum
1206 1186 1407 1252 conventibus

167 1289 316 1356 lectiones
338 1308 398 1355 non
418 1290 620 1357 habeantur«
657 1280 760 1373 Quum
783 1290 888 1355 antem
911 1289 992 1373 quod
1012 1288 1078 1355 sine
1100 1288 1212 1355 effectu
1231 1288 1350 1373 geritur
1373 1290 1407 1356 id

167 1393 235 1477 geri
253 1392 339 1458 nullo
362 1392 452 1459 modo
475 1393 632 1472 videatur,
664 1380 787 1459 sitorum
813 1392 983 1459 Consilium
1004 1391 1174 1464 christiano
1196 1393 1314 1459 nomini
1337 1412 1405 1477 prc-

166 1496 309 1581 pagaudo
332 1497 441 1563 merito
464 1497 644 1563 existimans
666 1496 852 1563 domesticas
873 1496 1064 1581 regularium
1087 1496 1268 1563 collationes
1283 1497 1317 1562 in
1336 1498 1405 1590 qui·

166 1600 297 1667 busdam
327 1600 509 1667 missionum
539 1602 614 1667 locis
648 1621 758 1685 perum
792 1602 966 1667 fructuosas
999 1602 1038 1669 ob
1071 1602 1217 1687 exignum
1251 1601 1405 1668 sodalium

165 1724 326 1771 nnmerum
350 1706 487 1785 tntnres,
518 1707 638 1773 cunctis
668 1708 700 1772 et
726 1705 861 1791 singulis
893 1705 959 1771 illic
992 1725 1118 1773 munere
1148 1705 1404 1791 perfungentibus
1438 1737 1448 1783 1

164 1808 345 1893 imperavit,
367 1809 404 1874 nt
427 1808 509 1875 (lieri
532 1810 732 1877 conventibus
752 1810 948 1875 interessent.
994 1808 1089 1875 Hisce
1111 1808 1209 1894 igitur
1232 1810 1404 1876 rationibus

164 1912 295 1996 permoti
317 1912 527 1992 declaramus,
562 1933 667 1981 omnes
699 1914 880 1979 missionum
913 1915 1048 1981 rectores
1076 1913 1158 1981 Cleri
1185 1914 1403 1981 collationibus

163 2014 269 2081 adame
300 2034 337 2081 en
363 2016 464 2083 officio
493 2017 623 2095 debere,
652 2018 806 2101 simulque
838 2017 1032 2084 decernimus
1064 2036 1100 2083 ac
1131 2018 1338 2103 praecipimus
1366 2020 1402 2084 ut

154 2118 272 2197 iisdem
296 2120 441 2186 intersint
464 2120 570 2188 vicarii
592 2141 729 2206 quoquc,
752 2122 868 2207 aliique
889 2123 1027 2207 religiosi
1048 2123 1108 2188 viri
1129 2123 1333 2191 missioneriis
1354 2123 1402 2190 ia·

162 2222 332 2289 cultatibus
355 2224 478 2290 concedi
502 2226 604 2293 solitis
620 2225 776 2305 instructi,
799 2226 855 2310 qui
868 2227 1013 2311 hospitia,
1035 2247 1206 2312 parvusque
1220 2228 1401 2295 missionum

163 2327 270 2392 domos
288 2326 437 2394 incolunt.

153 2504 156 2509 ,
264 2431 310 2496 De
340 2432 440 2498 officio
471 2432 669 2499 conveniendi
699 2432 740 2498 ad
766 2431 922 2519 Synodnm
949 2433 1106 2518 explorata
1136 2425 1318 2501 Tridentina
1350 2434 1399 2503 lex

161 2533 261 2620 est²):
294 2534 426 2619 ›Synodi
456 2555 576 2620 quoque
605 2534 802 2603 dioecesanae
831 2536 997 2621 quotannis
1020 2536 1229 2617 celebrentur,
1260 2537 1300 2602 ad
1322 2556 1400 2622 quas

162 2638 314 2721 »exempti
337 2638 432 2705 etiam
455 2657 575 2719 omnes,
598 2639 651 2725 qni
670 2640 762 2720 alies,
787 2642 927 2707 cessante
949 2641 1153 2722 exemptione,
1176 2640 1324 2708 interesse
1344 2641 1398 2709 dc·

162 2741 304 2821 sterent,
342 2762 397 2808 neo
428 2742 573 2827 capitulis
607 2744 805 2828 generalibus
837 2745 1031 2826 subduntur,
1066 2746 1210 2813 accedere
1242 2748 1396 2816 tenentur.

162 2845 312 2911 »Ratione
342 2848 447 2925 autem
475 2847 698 2932 parochialium
730 2851 786 2914 unt
814 2849 946 2915 aliarum
968 2851 1175 2917 saecularium
1196 2850 1396 2917 ecclesiarum

160 2948 274 3015 »etiam
296 2950 496 3029 adnexarum,
520 2950 634 3017 debent
657 2952 681 3017 ii
703 2953 757 3038 qui
780 2953 905 3019 illarum
928 2973 1034 3020 curam
1054 2958 1183 3039 gerunt,
1211 2954 1396 3039 quicumque

160 3052 226 3117 »illi
245 3053 318 3132 sint,
342 3041 464 3139 Synodo
483 3043 661 3121 interesse«
708 3057 810 3140 Quam
830 3057 932 3141 legem
955 3058 1080 3143 egregie
1100 3057 1271 3124 illustrarit
1294 3060 1393 3125 Bene·

155 3154 257 3220 dietus
280 3156 410 3245 111111).
455 3160 562 3244 Neque
592 3180 663 3228 vero
693 3163 841 3245 putamus
874 3162 1018 3247 cuiqnam
1052 3164 1211 3249 negotium
1243 3164 1394 3230 roeeuero

154 3257 311 3325 decretum
331 3261 501 3328 Alexandri
523 3264 609 3334 VlII.
633 3267 664 3329 3.
685 3265 787 3332 kalen.
812 3266 901 3348 April
926 3268 1007 3332 1691
1033 3286 1093 3351 qno
1115 3270 1260 3346 curetur,
1288 3270 1323 3333 nt
1353 3268 1393 3333 ad

153 3362 301 3447 synodum
325 3365 475 3432 accedant
492 3365 644 3448 Abbates,
668 3369 832 3448 Rectores,
856 3370 1025 3451 Praefecti,
1049 3390 1213 3456 omnesque
1235 3360 1393 3438 antistites

153 3466 313 3533 domorum
346 3470 560 3555 religiosarum
595 3492 671 3556 quas
703 3475 901 3542 Innocentius
925 3476 964 3544 X.
996 3476 1214 3561 Ilpiscoporum
1243 3475 1393 3559 potestati

92 3630 95 3638 ,
153 3570 335 3654 subjecerat.
382 3574 484 3657 Quum
514 3574 596 3641 onim
624 3576 864 3645 innocentianae
894 3579 1136 3647 constitutiones
1159 3581 1240 3646 viros
1269 3580 1392 3663 aposto·

152 3673 237 3754 lions,
261 3676 365 3759 quiin
388 3678 483 3744 sacris
507 3678 704 3747 missionibus
723 3684 894 3763 vorsantur,
919 3703 979 3750 non
998 3684 1167 3769 attingant,
1188 3683 1281 3749 facile
1296 3682 1391 3748 intel·

151 3776 270 3861 ligitur,
294 3800 392 3865 neque
407 3781 564 3863 decretum
583 3780 750 3852 Alexandri
766 3786 853 3853 VIlI.
873 3788 911 3870 ad
927 3806 988 3866 eos,
1013 3788 1051 3854 de
1073 3787 1184 3872 quibus
1203 3785 1293 3851 modo
1309 3784 1390 3869 apud

152 3881 216 3946 Nos
236 3882 350 3967 agitur,
371 3885 534 3968 portinere.
580 3887 682 3969 Quare
711 3890 784 3955 huic
813 3891 974 3974 posteriori
1007 3891 1196 3976 quaestionis
1227 3890 1307 3972 parti
1331 3889 1390 3956 boc

150 4004 245 4051 unum
265 3988 501 4072 respondemus:
523 3992 671 4057 standum
693 4011 758 4059 esse
781 3994 913 4061 decretis
935 3994 1051 4081 Synodi
1070 3992 1281 4061 Tridentinae.

253 4161 279 4231 1)
298 4162 586 4234 Foroncmprooo‘en.
606 4165 647 4222 12.
658 4166 725 4222 Maii
737 4168 803 4224 1681
817 4168 881 4238 Lib,
887 4169 930 4227 53.
941 4168 1017 4229 Decr.
1027 4168 1073 4227 tol.
1083 4168 1143 4227 258.
1158 4169 1386 4247 Aqaipcndien‘.

150 4246 206 4303 VV.
227 4246 274 4304 SS.
292 4248 345 4305 LL.
364 4252 405 4307 12.
429 4250 524 4308 Martii
544 4254 620 4309 1718.

251 4334 279 4404 2)
295 4335 368 4392 Sese.
384 4337 428 4394 24.
447 4356 504 4411 cap.
524 4338 549 4395 2.
569 4342 606 4396 dc
624 4342 750 4411 inform.

251 4420 345 4491 3)·Dc
364 4424 479 4495 specu.
498 4429 595 4486 dioec.
614 4424 662 4485 lib.
679 4430 704 4485 3.
721 4444 781 4501 cap.
799 4430 823 4485 1.
843 4430 868 4499 θ.
888 4432 930 4490 11.
