3109 4859
152 180 214 243 182
258 196 393 259 Soteron,
415 195 497 249 Trid.
518 194 646 262 Slrofen
664 198 719 250 der
739 165 921 263 I'erletaurep
940 195 1072 263 biscbdst.
1092 193 1355 262 Residerraprle’cbt.

150 369 214 432 niss
236 368 336 432 dieser
359 367 488 433 Decreta
511 387 548 431 uu
570 366 717 432 einander
747 367 779 431 in
809 367 914 450 Becug
943 366 997 430 aul
1024 365 1074 430 die
1104 369 1391 449 uermtgensrecht-
1452 438 1457 461 Ι

150 471 230 536 liobe
253 470 418 555 Straffolgc
441 471 495 536 der
517 469 752 536 Nicbtresidena
775 470 896 553 spricht
918 489 950 535 cr
972 469 1038 534 sich
1061 469 1149 534 nicht
1176 489 1231 534 aus
1262 472 1324 536 und
1348 473 1390 537 ist

47 590 53 608 ¹
151 575 245 640 daher
268 573 321 640 der
344 575 491 640 Canonist
513 573 545 639 in
571 574 671 640 dieser
701 573 879 658 Roaiehung
913 573 1135 657 sugessionem·
1156 574 1312 640 andersuo
1340 576 1391 641 die

150 679 275 763 Ltsung
297 678 351 744 der
375 679 474 764 Frage
494 697 531 742 zu
553 677 679 744 sochen.

253 797 294 864 So
325 798 428 882 ergibt
456 798 524 864 sich
555 798 601 864 als
629 796 775 863 Resultat
809 796 863 862 der
894 797 1153 882 Untersuelruug:
1183 800 1215 883 a)
1239 800 1391 866 zuischen

150 904 263 968 Decret
279 902 332 970 VI.
355 904 383 968 l.
407 901 470 966 und
493 902 606 968 Deerat
621 901 741 968 XXIII.
760 903 789 966 1.
809 901 933 966 bestcbt
955 899 1045 967 luciae
1068 903 1258 983 Antinomie‚
1282 904 1314 982 b)
1336 903 1392 969 der

151 1004 278 1070 Verlust
300 1005 354 1070 der
377 1005 668 1070 Beneficiallruichte
691 1005 734 1070 ist
748 1004 837 1070 nicbt
853 1003 958 1069 weiter
977 1006 1058 1070 nach
1078 1008 1235 1091 craterem,
1258 1008 1392 1081 sondern

150 1106 298 1192 lediglich
321 1109 401 1174 nach
424 1109 583 1176 letztercm
607 1109 721 1176 Decret
743 1128 781 1173 zu
804 1107 1006 1174 beurtbeilen.

153 1250 463 1264 *-

150 1315 270 1374 tationes
288 1315 448 1372 innovantes
469 1359 475 1372 .
495 1358 503 1372 .
522 1357 529 1371 .
548 1319 577 1371 et
595 1356 602 1371 .
621 1360 627 1371 .
646 1356 654 1371 .
672 1333 721 1386 pro
738 1315 807 1371 satis
825 1315 870 1370 lric
887 1316 1016 1387 expressis
1034 1317 1168 1372 scotiam
1195 1317 1227 1372 de
1250 1319 1331 1374 aerbo
1355 1320 1393 1374 ad

149 1402 260 1458 verbnm
279 1401 388 1458 insertis
405 1403 536 1460 habentes
554 1406 582 1458 et
598 1402 693 1459 haberi
711 1403 834 1458 volentes
852 1445 859 1458 .
879 1444 886 1458 .
905 1444 912 1458 .
930 1402 1032 1472 illaque
1051 1443 1058 1458 .
1077 1388 1087 1458 Ῐ
1103 1445 1110 1458 .
1128 1405 1317 1460 confirmantes
1338 1446 1392 1459 ...

150 1488 318 1546 exactissime
342 1489 448 1558 impleri
472 1493 501 1544 et
518 1489 654 1573 observari
671 1491 794 1545 volumus
813 1492 842 1544 et
859 1531 866 1544 .
883 1530 890 1543 .
909 1530 916 1543 .
936 1472 1058 1545 Secundo
1078 1490 1135 1546 loco
1154 1494 1182 1546 et
1200 1495 1393 1561 consequenter

149 1576 186 1632 ad
202 1564 349 1646 praemissa
375 1575 503 1632 adversus
529 1577 728 1645 praedictarum
755 1577 849 1646 legum
876 1579 905 1631 et
928 1575 1152 1631 constitutionum
1178 1581 1393 1647 transgressores

150 1679 241 1718 omues
265 1666 294 1717 et
315 1663 438 1733 singulas
463 1679 561 1733 poenas
586 1664 614 1717 irs
633 1663 734 1718 eisdem
752 1662 867 1717 decretis
885 1665 914 1717 et
931 1661 1170 1718 constitutionibus
1188 1660 1259 1715 latas
1277 1664 1304 1715 et
1322 1678 1393 1716 eom-

150 1741 266 1804 minatae¹
282 1739 446 1805 auctoritate
464 1766 570 1820 quoque
588 1753 681 1806 nostra
699 1749 1107 1815 confirmamusctinnovamus;
1125 1749 1279 1804 amissionis
1291 1749 1393 1804 scillcet

151 1839 265 1905 quamue
282 1835 369 1904 partis
386 1836 523 1890 fructuum
543 1836 623 1891 unius
648 1836 713 1892 anni
735 1836 794 1906 ipso
818 1835 891 1891 facte
908 1834 942 1890 ab
960 1836 993 1891 iis
1011 1836 1185 1892 incurrendae
1203 1836 1251 1906 qui
1268 1836 1392 1906 legitimo

151 1921 344 1990 impedimento
371 1938 418 1976 seu
442 1922 524 1992 justis
543 1926 571 1978 et
588 1922 797 1978 rationabilibus
814 1923 902 1977 causis
919 1923 1086 1978 cessantibus
1104 1927 1133 1978 et
1149 1923 1251 1994 absque
1269 1939 1394 1993 expressa

153 2009 184 2061 nt
201 2006 352 2078 praefertur
369 2009 541 2080 Apostolicae
558 2009 631 2064 sedis
649 2009 760 2064 licentia
779 2026 823 2064 sex
842 2009 979 2064 mensibus
997 2010 1131 2064 continuis
1148 2013 1223 2065 extra
1235 2027 1310 2064 snam
1321 2009 1392 2064 dioe-

152 2094 234 2149 cesim
253 2093 380 2150 morando
398 2094 537 2150 abfuerint
554 2098 582 2150 et
600 2095 744 2150 amissione
761 2095 876 2151 alterius
899 2098 1013 2166 quartae
1035 2096 1122 2164 partis
1142 2097 1278 2151 fructuum
1300 2095 1392 2150 eodem

152 2180 231 2235 modo
249 2179 424 2236 incurrendae
442 2181 488 2236 ubi
506 2181 661 2251 hujusmodi
680 2180 804 2237 absentia
827 2181 861 2237 ad
887 2181 954 2236 alios
978 2199 1023 2237 sex
1050 2199 1153 2238 menses
1170 2182 1345 2253 protrahatur
1361 2185 1393 2236 ut

152 2268 181 2320 in
199 2265 330 2336 praedicti
348 2267 427 2323 Cone·
446 2267 520 2323 Trid.
540 2268 610 2324 Sess.
623 2269 669 2324 Vl.
687 2285 745 2339 cap.
760 2269 784 2324 1.
801 2269 834 2323 de
852 2267 899 2323 ref.
914 2271 1049 2324 statutum
1063 2271 1130 2333 fuit;
1147 2270 1269 2324 incursus
1287 2284 1394 2338 quoqne

153 2354 181 2408 in
206 2353 308 2423 peccati
335 2355 457 2410 mortalis
484 2359 590 2410 reatum
618 2354 813 2426 obligationem
840 2354 1003 2410 restituendi
1026 2356 1129 2411 fructas
1145 2355 1175 2409 in
1193 2355 1316 2410 absentia
1333 2372 1392 2423 per·

152 2444 257 2511 saeptos
275 2441 352 2496 nulla
367 2442 449 2496 etiam
462 2429 577 2512 ¹praevia
595 2443 776 2498 declaratione
797 2459 895 2512 eosque
909 2442 1037 2512 erogandi
1049 2443 1078 2497 in
1092 2443 1263 2498 ecclesiarum
1279 2440 1393 2496 fabricas

152 2543 199 2581 sen
217 2527 244 2582 in
263 2529 488 2584 sustentationem
504 2547 651 2600 pauperum
670 2531 754 2599 ipsius
774 2530 825 2584 looi
843 2546 1009 2599 quacumque
1027 2530 1201 2585 conuentione
1219 2545 1266 2583 seu
1289 2544 1393 2597 compo·

152 2616 250 2671 sitione
275 2632 323 2684 pro
351 2615 504 2686 hujusmodi
530 2617 661 2672 fructibus
689 2617 760 2673 rnalc
785 2616 919 2688 perceptis
937 2616 1088 2687 prohibita,
1108 2616 1185 2671 utin
1205 2613 1393 2669 eodcmConc.

154 2701 224 2758 Sese.
235 2701 338 2762 XXIII.
350 2719 407 2773 cap.
422 2703 445 2758 1.
461 2703 494 2758 de
508 2704 556 2759 rei.
570 2703 779 2773 praescribitur..
797 2703 928 2758 Similiter
945 2703 1099 2773 impositam
1108 2720 1125 2757 a
1134 2702 1271 2773 praedicto
1286 2700 1334 2756 Pib
1344 2701 1393 2756 lv.
1479 2729 1487 2736 ·

153 2788 243 2856 praed.
268 2791 360 2844 nostro
383 2805 495 2859 poenam
520 2790 671 2845 amissionis
697 2790 860 2845 facultatum
889 2788 1007 2850 testandi
1035 2793 1064 2844 et
1089 2789 1325 2860 disponendi...
1346 2804 1394 2858 per

154 2876 243 2930 omnia
260 2868 448 2931 confirmamus
471 2879 499 2931 et
516 2877 681 2932 innovamus.
724 2876 826 2944 Quibus
851 2875 974 2931 omnibus
991 2874 1041 2930 hoc
1065 2875 1147 2930 etiam
1162 2873 1393 2945 supperaddimus‚

154 2964 186 3016 ut
204 3004 211 3017 .
230 3003 236 3016 .
256 3004 270 3027 ,x
