3109 4859
155 102 158 116 ’
273 122 387 181 Leonis
405 125 489 180 XIII.
509 130 605 181 coust.
623 128 660 182 de
679 130 895 189 contremisci,
914 130 1005 197 episc.
1024 134 1053 185 et
1071 146 1136 202 req.
1156 131 1297 202 Amplius.
1337 116 1398 182 221
1437 115 1441 124 ¹

161 295 247 362 litia:
271 313 367 360 novae
387 294 548 361 missiones
571 314 729 381 novaeque
751 297 907 364 Ecclesiae
929 301 1128 384 quamplures
1150 302 1281 382 erectae,
1304 304 1401 370 nobili

159 400 315 465 instructu
331 398 453 478 divites,
471 401 596 485 egregio
611 401 699 466 cultu
717 402 865 481 decoram
884 404 1039 487 permulta
1061 404 1155 470 etiarn
1178 406 1255 471 item
1275 387 1401 474 condita

159 502 306 585 orphanis
329 502 448 568 alendis
470 503 624 587 hospitia,
658 505 841 585 seminaria,
875 508 1008 593 collegia
1035 510 1067 573 et
1089 509 1211 577 scholae
1233 510 1265 574 in
1288 512 1400 595 quibus

160 606 246 691 pueri
269 608 301 673 et
323 607 532 673 adolescentes
559 608 801 692 frequentissimi
832 609 872 676 ad
903 612 1054 695 pietatem
1084 631 1121 678 ac
1152 612 1276 680 litteras
1308 615 1400 681 insti·

159 712 302 778 tuuntur.

263 822 359 907 Cujus
391 822 515 908 quidem
548 824 593 891 rei
625 823 695 889 laus
723 844 783 891 non
806 826 918 912 exigua
938 828 1105 894 tribuenda
1127 830 1175 895 est
1200 830 1399 897 Britannicae

159 930 261 1014 gentis
283 929 418 1013 ingenio,
442 928 523 1013 quod
546 930 637 1013 prout
659 932 805 995 constans
828 935 861 997 et
882 932 1033 997 inuictum
1057 934 1105 998 est
1127 936 1235 1000 contra
1256 931 1321 999 rim
1343 923 1400 999 ed*-

158 1041 288 1109 versam,
311 1032 357 1097 ita
380 1031 523 1097 veritatis
547 1032 728 1097 strationis
751 1051 823 1099 voce
845 1033 936 1099 tacite
958 1034 1105 1113 flectitur,
1128 1038 1165 1100 ut
1187 1036 1313 1119 proinde
1330 1056 1400 1103 vere

158 1136 196 1202 de
219 1136 294 1218 ipsis
321 1136 434 1201 dixerit
460 1136 671 1203 Tertullianus
700 1138 934 1204 Britannorum
955 1126 1117 1205 inaccesso
1140 1140 1298 1206 Remuria
1320 1141 1399 1219 loeo,

158 1240 283 1307 Obristo
304 1242 440 1325 sabjecta
451 1240 484 1325 1).
537 1240 587 1305 Ad
614 1241 813 1323 praecipuum
847 1241 907 1306 sibi
938 1242 1041 1307 laudis
1071 1242 1218 1308 meritum
1240 1243 1401 1309 vindicant

158 1363 230 1409 cum
260 1344 385 1409 assidua
417 1339 635 1428 Episcoporum
670 1337 837 1428 vigilantia
869 1347 937 1410 tum
968 1346 1053 1433 Cleri
1071 1346 1207 1413 universi
1229 1346 1338 1413 docilis
1361 1348 1400 1413 ad

158 1448 328 1532 parendum
350 1449 503 1527 velundae,
526 1450 669 1532 prompta
691 1448 731 1513 ad
754 1449 909 1533 agendum
932 1450 1081 1515 sollertia.

262 1542 470 1626 Nihilominus
501 1560 653 1645 quaedam
684 1580 719 1625 ex
747 1560 814 1645 ipsa
835 1580 938 1627 rerum
960 1562 1135 1628 conditione
1157 1565 1243 1628 ortae
1266 1563 1400 1629 difficul-

157 1667 240 1731 tates
263 1666 478 1749 dissensusque
501 1667 582 1732 inter
605 1684 761 1732 sacrorum
784 1666 952 1733 Antistites
975 1669 1006 1732 et
1028 1666 1149 1733 sodales
1166 1667 1307 1732 ordinum
1326 1667 1400 1733 reli-

159 1769 315 1853 giosorum
339 1769 536 1851 obstiterunt,
558 1770 719 1854 quominus
744 1770 900 1836 uberiores
922 1771 1040 1837 fructus
1062 1772 1302 1855 perciperentur.
1347 1771 1399 1837 llli

158 1874 251 1952 enirn,
273 1893 343 1939 cum
366 1874 556 1957 praescripta
576 1873 686 1939 fuisset
708 1893 763 1957 per
783 1875 1128 1940 memoratashitteras
1149 1874 1400 1943 *Praedecossoris

124 2060 127 2067 Ι
158 1977 265 2065 Nostri
288 1978 460 2043 eommunis
483 1977 559 2061 juris
582 1978 795 2057 observantia,
819 1978 883 2043 rati
903 1981 977 2044 sunt
998 1997 1031 2045 se
1052 1998 1141 2062 posse
1164 1980 1268 2045 omnia
1290 1979 1397 2045 decer·

161 2099 232 2145 nere
255 2099 334 2164 quae
357 2080 397 2145 ad
420 2080 515 2164 ipsius
537 2080 615 2165 juris
635 2081 844 2146 executionem
863 2082 1040 2163 pertinent,
1064 2102 1180 2166 quaere
1202 2101 1240 2147 ex
1262 2082 1399 2168 generali

160 2184 315 2250 Ecclesiae
349 2184 512 2267 disciplina
542 2184 762 2267 Episcoporum
796 2184 945 2267 potestati
979 2186 1130 2268 permissa
1163 2187 1245 2252 sunt.
1290 2186 1403 2258 Plures,

159 2290 266 2354 eontra
289 2306 461 2372 quavesquo
485 2305 594 2353 causae
613 2286 830 2370 prohibebant,
853 2307 891 2351 ns
914 2288 1079 2370 peculiaris
1103 2287 1283 2354 missionum
1306 2289 1399 2354 disei-

157 2392 257 2475 plina,
288 2411 367 2475 quae
387 2392 452 2477 jam
475 2392 716 2471 inveteraverat,
745 2392 870 2474 repente
892 2390 1017 2475 penitus
1036 2392 1222 2460 aboleretur.
1266 2393 1318 2458 Ad
1341 2395 1422 2459 has‘

157 2497 317 2579 propterea
347 2496 549 2562 difficultates
576 2496 758 2562 avertendas
787 2496 820 2561 et
841 2496 1066 2562 eontmversies
1088 2496 1240 2562 finiendas
1263 2496 1399 2579 Angliae

157 2599 310 2683 Episcopi,
331 2619 384 2684 pro
404 2618 461 2665 sua
480 2589 612 2665 in'heuc
624 2599 842 2685 Apostolieam
858 2598 969 2664 Sedom
985 2599 1190 2677 observantia,
1210 2601 1276 2667 Eos
1295 2600 1398 2667 adiere

156 2706 312 2788 rogantes,
335 2705 373 2770 ut
395 2723 538 2791 suprema
558 2704 744 2770 auctoritate
767 2703 884 2770 Nostra
907 2703 1137 2770 dirimerentur.

260 2816 324 2882 Nos
346 2816 481 2883 uicissim
504 2816 588 2881 haud
610 2818 738 2901 gravate
759 2835 828 2882 eam
850 2816 1090 2899 postulationem
1116 2815 1300 2900 excepimus,
1328 2817 1395 2881 tum

157 2919 229 3004 quia
260 2918 394 2986 nobilem
420 2920 509 2986 illam
543 2920 701 2986 nationem
733 2938 794 2986 non
826 2920 945 2986 minore
970 2939 1064 3004 quam
1087 2920 1269 2985 Decessores
1291 2920 1398 2985 Nostri

156 3024 370 3090 benovolentia
393 3023 637 3108 complectimur,
660 3024 729 3089 tum
752 3023 825 3108 quia
839 3024 921 3088 nihil
935 3022 1034 3089 Nobis
1049 3024 1098 3087 est
1112 3021 1279 3105 antiquius,
1303 3042 1395 3106 quam
1462 3040 1468 3045 ·

156 3130 191 3194 ut
212 3128 343 3193 sublatis
366 3128 486 3195 dissidii
509 3128 609 3194 causis
632 3128 753 3195 stabilis
773 3128 887 3213 ubique
912 3128 1017 3211 vigeat
1038 3127 1148 3191 mutua
1170 3145 1240 3191 cum
1266 3125 1397 3191 caritate

155 3232 325 3299 cuncordia.
371 3231 438 3314 Quo
472 3233 597 3317 gravius
630 3236 735 3297 autem
765 3234 797 3297 et
821 3232 943 3323 cautius
967 3250 986 3296 a
1006 3230 1103 3297 Nobis
1123 3230 1275 3314 judicatio
1296 3229 1395 3307 fieret,
1427 3241 1432 3250 ’

154 3355 213 3413 non
237 3336 326 3402 modo
345 3336 384 3403 iis
406 3355 485 3421 quae
503 3336 586 3402 ultro
609 3336 747 3419 citroque
770 3335 1011 3401 adducebantur·
1022 3333 1144 3418 juribus
1167 3334 1200 3399 et
1222 3333 1358 3398 auctorit
1379 3369 1394 3383 -

154 3438 239 3505 tibus
262 3439 429 3523 diligenter
451 3439 589 3505 animum
611 3437 790 3523 adjecimus,
813 3438 866 3503 sod
889 3436 985 3503 etiarn
1008 3438 1195 3503 sententiam
1216 3437 1394 3521 perrogari·

153 3563 223 3608 mus
244 3543 501 3629 congregationis
523 3542 698 3627 specialiter
710 3542 877 3627 deputatae
891 3542 1010 3625 aliquot
1030 3541 1061 3607 S.
1079 3542 1115 3608 R.
1131 3541 1167 3607 E.
1182 3541 1394 3609 Oardinalium

154 3646 311 3712 eduobus
334 3647 429 3713 sacris
453 3646 614 3726 Consiliis,
650 3666 781 3730 quorum
815 3646 949 3711 alterum
986 3646 1205 3729 Episcoporum
1236 3649 1268 3711 et
1290 3646 1392 3729 Regu·

152 3750 267 3816 larium
290 3750 421 3837 negotiis
444 3750 639 3834 expediendis
663 3751 801 3833 praeest,
831 3750 965 3815 alterurn
995 3749 1165 3816 christiano
1188 3748 1305 3814 nomini
1325 3734 1395 3831 pro·

153 3853 305 3937 pagando.
350 3854 392 3919 Hi
422 3856 541 3920 eunetis
579 3856 722 3921 accurato
760 3854 927 3938 exploratis
960 3873 1039 3939 quae
1072 3854 1103 3917 in
1139 3851 1393 3917 deliberationem

153 3956 315 4038 cadebant,
337 3959 370 4023 ot
388 3958 543 4023 rationum
559 3958 733 4037 momentis,
757 3977 836 4042 quae
852 3957 1061 4023 afferebantur
1076 3956 1229 4039 utrinque,
1251 3954 1394 4039 religiose

153 4062 329 4144 perpensis,
362 4062 497 4152 fideliter
524 4062 622 4128 Nobis
642 4064 859 4146 'exposuerunt
887 4061 962 4147 quid
987 4060 1115 4144 aequius
1137 4058 1248 4123 melius
1272 4058 1311 4122 de
1329 4058 1393 4122 sin-

153 4163 236 4249 gulis
263 4164 494 4249 quaestionibus
522 4164 746 4231 decernendum
779 4165 838 4231 sibi
859 4165 1015 4230 videratur
1033 4164 1066 4228 in
1089 4161 1231 4229 Domino.
1276 4161 1393 4227 Audito

152 4269 260 4353 itaque
282 4270 522 4361 memoratorum
544 4267 756 4335 tardtnalium
778 4268 924 4346 consilio,
958 4287 1110 4351 causaque
1141 4267 1234 4350 probe
1256 4266 1392 4351 cognita,

256 4466 283 4538 1)
303 4466 361 4523 Lib.
380 4469 600 4539 adaquatores
618 4483 674 4538 esp.
693 4468 717 4522 5.
850 4434 855 4440 .
