3109 4859
381 50 554 121 schneider,
573 48 602 107 S.
621 50 741 107 Poenlt.
760 48 877 107 declar.
896 54 925 105 et
943 50 1034 105 reeol.
1052 50 1089 104 de
1106 42 1265 107 Jmtlneo.
1346 1 1378 24 ⁷.

410 242 414 255 ¹
518 223 554 295 V.
597 225 759 294 Resolutio
781 226 834 291 dd.
859 229 888 294 1.
910 223 1007 291 Junii
1028 229 1122 293 1869.

644 354 757 425 (aens
775 354 858 412 xuv.
878 355 905 410 e.
923 354 999 423 aee.)

481 513 536 583 VI.
581 512 743 581 Resolutio
766 510 820 579 dd.
840 518 870 579 1.
890 511 1045 579 Joneorii
1066 516 1164 579 1873.

639 640 750 711 (Archiv
768 640 872 697 XXIX.
889 640 917 697 S.
935 640 1005 711 464.)

457 799 533 867 VII.
578 796 741 865 Reserate
761 798 814 863 dd.
838 802 893 865 25.
917 798 1076 865 Ianuarii
1097 800 1193 867 1875.

649 926 762 997 (Archiv
779 928 861 985 XLV.
881 928 908 985 S.
926 927 998 995 356.)

449 1086 544 1157 VIII.
589 1085 752 1155 Resolmo
773 1086 828 1151 dd.
849 1088 903 1153 25.
927 1085 1085 1151 Ianuarii
1106 1087 1203 1151 1875.

649 1214 763 1283 (eremo
780 1214 862 1273 xnv.
881 1215 908 1271 s,
928 1215 1000 1282 eos.)

465 1372 532 1442 IX.
578 1371 740 1445 Resolute‘o
762 1373 817 1440 dd.
837 1376 891 1441 25.
914 1373 1069 1439 Janelorr'e‘
1090 1376 1186 1441 1875.

655 1500 767 1571 (Archiv
783 1500 864 1557 XLV.
882 1500 910 1557 Β.
928 1500 1000 1569 357.)

564 1658 607 1727 Χ.
652 1656 816 1726 Resolulio
833 1679 873 1726 ex
893 1660 1096 1726 onn01875.

310 1798 334 1866 l.
369 1796 401 1865 Si
425 1798 556 1865 eeclesia
578 1796 741 1883 designata
763 1818 818 1883 pro
836 1798 1068 1865 visitationibus
1093 1795 1259 1881 implendis
1289 1793 1334 1861 ed
1357 1793 1385 1861 J
1386 1794 1462 1859 ubi-

208 1924 297 1970 soum
320 1903 503 1969 lucrandum
525 1905 660 1988 angusta
679 1904 723 1970 sit
740 1903 799 1981 ita,
821 1906 859 1969 nt
882 1901 1219 1969 omuesebrietitideles
1233 1899 1459 1984 processiona-

201 2008 275 2073 liter
294 2027 362 2073 eam
386 2008 547 2073 visitantes
570 2007 653 2071 baud
673 2026 782 2090 capere
802 2008 924 2082 valeat3
946 2007 1108 2091 quaeritinr
1128 2026 1169 2071 au
1191 2007 1225 2083 ii,
1245 2005 1300 2089 qui
1321 2005 1457 2089 ingredi

203 2114 368 2197 nequeunt,
391 2131 469 2175 onus
492 2110 704 2176 visitationum
727 2112 902 2194 impleant?

304 2216 342 2281 R
365 2215 485 2280 Fideles
506 2216 538 2280 in
560 2214 803 2297 processionibus
823 2218 910 2281 extra
928 2214 1042 2297 januas
1053 2213 1212 2291 ecelesiae,
1235 2213 1453 2279 eutOratorii

203 2319 242 2384 ob
264 2319 350 2385 illius
372 2320 550 2405 angustiam
573 2322 785 2396 remanentes,
807 2322 840 2384 et
857 2338 929 2383 eum
949 2318 1020 2383 aliis
1039 2321 1180 2395 orantes,
1206 2337 1302 2381 unum
1332 2337 1453 2402 eorpus

200 2422 359 2487 moraliter
380 2424 551 2501 efformare,
574 2442 611 2488 eo
634 2423 761 2508 proinde
784 2422 955 2488 visitetioui
977 2441 1033 2506 pro
1054 2421 1203 2487 lucrando
1223 2419 1375 2488 Jubilaeo
1397 2444 1451 2489 sa-

199 2528 353 2593 tisiaoere.

302 2631 345 2695 ΙΙ.
379 2630 561 2698 Ordiuarius
582 2632 708 2715 qnidam
730 2632 896 2716 quaoeivit,
916 2651 957 2709 an
978 2632 1096 2697 oenseri
1118 2632 1349 2714 poesintveluti
1374 2655 1447 2717 pro·

198 2736 351 2801 oessiems
369 2736 409 2801 ed
431 2740 564 2820 quatuor
586 2736 733 2803 ecelesias
757 2736 939 2819 designatas
956 2755 1013 2819 pro
1025 2736 1170 2803 Jubilaeo
1184 2735 1343 2814 lucrando,
1368 2737 1445 2802 visi·
1508 2749 1509 2754 ’

198 2841 352 2917 tationes,
385 2860 461 2925 quas
479 2840 534 2905 ille
556 2842 679 2925 peragit
701 2860 764 2905 nna
781 2860 853 2904 enm
876 2840 1021 2923 Capituio
1042 2844 1076 2906 et
1096 2840 1268 2906 Seminario
1290 2840 1322 2903 in
1343 2843 1443 2905 resti·

199 2942 313 3008 mentis
342 2942 425 3009 band
454 2944 632 3009 choralibus
665 2943 720 3007 sed
754 2943 872 3027 nigris,
903 2942 1063 3024 psallendo
1096 2963 1169 3009 roeo
1201 2942 1375 3020 submissa;
1409 2949 1441 3011 et

200 3046 325 3129 proinde
356 3067 397 3113 au
427 3049 469 3113 sit
503 3050 535 3113 in
568 3067 624 3113 suo
657 3047 787 3113 arbitrio
817 3066 981 3111 nnmerum
1011 3048 1224 3113 visitationum
1245 3048 1438 3127 imminuere,

197 3152 292 3216 sicuti
313 3155 363 3217 est
383 3152 415 3215 in
437 3170 495 3217 sua
508 3152 661 3217 facultate
676 3170 728 3215 eas
746 3150 940 3221 imminuere,
957 3170 1038 3233 qnae
1054 3150 1320 3233 prooessioualiter
1334 3152 1438 3218 liunt?

303 3257 340 3323 Ii
362 3256 522 3338 Quatenus
545 3256 752 3339 processiones
773 3254 840 3319 lieri
855 3258 1009 3337 nequeant
1023 3274 1107 3319 more
1121 3254 1225 3332 solito,
1240 3254 1434 3325 atlirmative.
1507 3247 1509 3300 ἕ

303 3360 360 3426 nl
391 3360 441 3423 An
461 3360 601 3442 religiosi
621 3358 804 3425 Jubilaenm
826 3356 941 3423 lucrari
962 3356 1088 3423 valeant
1108 3362 1293 3443 peragentes
1313 3358 1346 3424 in
1366 3381 1434 3445 pvo-

54 3436 60 3445 '
197 3463 265 3546 pre
286 3463 417 3528 eeclesia
439 3462 633 3527 mesenes
651 3462 692 3527 so
712 3462 745 3526 re
768 3461 998 3545 praescriptas?

301 3567 340 3633 R
363 3566 528 3650 Xegetive.

301 3671 356 3735 lv,
390 3668 577 3753 Religiosns,
599 3668 653 3752 qui
672 3668 739 3751 jam
761 3666 955 3732 visitationes
976 3668 1008 3732 in
1033 3669 1156 3752 propria
1176 3668 1309 3735 eeclesia
1329 3668 1429 3755 imple·

197 3776 261 3849 vit,
294 3777 460 3858 utsupra,
490 3776 522 3837 et
544 3792 597 3839 eas
618 3773 754 3837 interere
776 3770 907 3848 debeat,
939 3771 1094 3854 poteritne
1115 3772 1149 3837 in
1169 3792 1229 3837 sue
1248 3774 1427 3839 oontemioue
1505 3799 1506 3802 ¹

196 3878 368 3961 privilegiis
386 3878 449 3943 frui
469 3877 731 3962 periincpelieam
754 3874 917 3953 wnoessis,
940 3876 968 3940 si
991 3876 1040 3940 bis
1061 3876 1197 3941 noudum
1220 3896 1295 3941 usus
1316 3878 1425 3944 tuerit?

301 3982 338 4047 R
361 3982 569 4046 Affirmative.

301 4087 338 4151 l'.
371 4089 421 4151 An
453 4086 631 4149 satisfaciet
662 4082 779 4167 duplici
809 4084 974 4164 praecepto
1006 4082 1207 4147 oonleoeionis
1236 4083 1423 4151 aunualiset
1504 4151 1505 4160 ,

194 4191 334 4259 ruerem
356 4170 421 4267 erle,
444 4190 499 4273 qni
519 4189 724 4257 murmurem
748 4184 818 4251 aare
837 4184 959 4253 omens
981 4186 1101 4253 nereus
1121 4186 1153 4250 re
1174 4186 1284 4253 omme
1302 4186 1340 4252 eo
1358 4190 1421 4254 unr-

196 4316 265 4365 cam
286 4295 540 4362 absolutionem?

300 4401 339 4475 rt
361 4398 527 4490 negative
