3109 4859
190 102 253 169 236
308 120 420 177 Leonis
438 116 523 175 XIII.
542 122 636 176 const.
656 114 693 174 de
711 124 848 175 controv.
867 117 924 172 aar.
943 102 1034 186 epts'c.
1052 119 1081 173 ct
1097 134 1161 190 rep.
1181 115 1319 190 Amplior.

143 279 144 287 ἵ
191 296 239 363 Ad
269 294 349 360 beno
378 292 477 378 igitur
505 291 644 377 singulos
667 292 698 355 et
721 291 879 357 universos
902 291 987 356 enixe
1008 292 1206 357 cohortamur
1227 291 1259 355 in
1282 288 1431 368 Domino,

189 401 335 485 rogantes
359 416 429 463 cum
452 393 550 460 Paulo
573 396 609 459 ut
629 394 780 478 impleant
802 395 952 479 gaudium
973 396 1131 473 Nostrum,
1156 397 1191 459 ut
1205 394 1286 459 idem
1302 392 1433 477 sapiant
1518 381 1519 396 ¹

190 503 330 577 eamdem
352 501 515 566 caritatem
539 500 698 578 babentes,
721 500 893 579 unanimes,
917 501 1050 585 idipsum
1074 500 1241 565 sentientes
1253 500 1285 583 1).
1363 549 1367 556 .

294 607 425 671 Demum
448 606 484 669 ut
507 604 638 669 firmiter
660 623 695 669 ea
718 605 892 670 consistant
913 624 992 688 quae
1020 604 1255 683 constituimus,
1284 604 1435 669 volumus
1519 647 1520 650 ,

191 715 282 794 atque
306 709 507 786 decernimus,
531 709 705 791 praesentes
729 708 864 773 litteras
887 710 918 773 et
936 709 968 772 iu
983 708 1027 772 eis
1043 711 1189 773 contenta
1204 726 1434 792 quaecumque,

191 815 283 879 etiam
307 832 342 878 ex
365 832 399 877 eo
422 812 502 895 quod
522 811 672 895 praedicti
694 811 832 896 religiosi
855 812 974 877 sodales
1004 814 1035 878 et
1069 812 1124 877 alii
1158 812 1361 895 quicumque,
1401 810 1435 874 in

189 916 367 1001 praemissis
390 917 536 981 interesse
560 916 708 981 babentes
730 916 866 999 cujusvis
884 919 1002 995 status,
1024 917 1156 1001 gradus,
1186 916 1358 981 ordinis-et
1381 914 1435 978 di-

191 1020 324 1103 gnitatis
347 1019 497 1098 existant,
525 1020 679 1085 sequanas
702 1019 845 1103 specifica
867 1023 1021 1086 mentione
1044 1021 1132 1106 digni
1153 1021 1193 1085 iis
1215 1039 1274 1086 non
1299 1037 1436 1083 consen-

190 1125 296 1202 serint,
321 1142 375 1189 neo
399 1126 437 1188 ad
457 1144 493 1189 ea
515 1124 616 1189 vocati
638 1126 669 1189 et
692 1108 804 1202 auditi,
827 1144 998 1208 causaeque
1017 1126 1141 1209 propter
1156 1143 1233 1207 qaas
1250 1125 1437 1207 praesentes
1516 1141 1519 1151 ·

191 1228 402 1293 emanaverint
414 1213 601 1301 sufficienter
613 1228 773 1307 adductae,
790 1229 966 1294 verificatae
981 1231 1013 1295 et
1024 1228 1215 1313 justificatae
1227 1246 1287 1293 uon
1300 1227 1434 1304 fuerint,

191 1334 246 1397 aut
269 1352 304 1398 ex
326 1331 388 1397 alia
411 1332 550 1416 qualibet
572 1333 665 1397 etiam
688 1333 1038 1417 quantumvis‘juridica
1061 1334 1093 1399 et
1109 1332 1306 1417 privilegiata
1323 1350 1433 1407 causa,

191 1438 289 1502 colore
312 1438 344 1502 et
367 1438 467 1519 capite
490 1437 583 1502 etiam
603 1436 635 1501 in
658 1455 782 1520 corporo
801 1437 882 1521 juris
902 1437 1015 1516 clauso,
1036 1435 1120 1507 nullo
1136 1455 1271 1519 unquam
1288 1438 1434 1517 tempore

190 1541 227 1607 de
250 1542 454 1625 subreptionis
477 1526 526 1607 rel
549 1542 752 1624 obreptionis,
789 1543 844 1606 ant
877 1541 1034 1606 nullitatis
1067 1542 1144 1607 uitio
1171 1560 1225 1606 sen
1245 1539 1435 1605 intentionis

191 1645 342 1723 Nostrae,
366 1646 413 1711 vel
435 1646 582 1711 interesse
606 1645 789 1709 habentium
810 1664 990 1722 consensus,
1019 1626 1120 1711 alioue
1141 1645 1298 1729 quolibet,
1329 1662 1435 1725 quan·

191 1750 308 1815 tumvis
331 1768 443 1833 magno
466 1752 498 1814 ot
520 1749 728 1829 substantiali,
753 1749 1004 1834 individuamque
1018 1750 1237 1834 expressionem
1253 1747 1435 1831 requirente

192 1854 314 1918 defectu
336 1852 527 1937 impugnari,
551 1852 691 1937 infringi,
714 1853 893 1932 retractari,
918 1853 947 1917 in
971 1852 1209 1919 controversiam
1229 1852 1347 1931 vocari,
1372 1853 1432 1916 aut

193 1958 229 2022 ad
252 1958 399 2023 terminos
420 1957 499 2041 juris
521 1957 635 2036 reduci,
660 1976 713 2023 seu
736 1958 881 2044 adsersus
904 1958 975 2023 illas
995 1958 1202 2024 restitutionis
1223 1958 1255 2022 in
1269 1957 1431 2041 integrum

193 2061 315 2126 aliudue
344 2062 556 2145 quodcumque
586 2060 667 2144 juris
702 2061 873 2125 remedium
904 2062 1050 2127 intentari
1084 2062 1132 2127 vel
1164 2060 1342 2145 impetrem
1374 2059 1430 2124 sed

192 2164 274 2246 ipsas
297 2167 472 2247 praesentes
497 2166 630 2229 Litteras
652 2184 772 2248 semper
791 2165 912 2243 firmas,
945 2166 1062 2232 validas
1085 2169 1117 2232 et
1136 2166 1275 2230 efficaces
1297 2164 1430 2229 existere

193 2269 224 2331 et
246 2267 326 2345 fore,
360 2269 601 2352 quibuscumque
623 2270 702 2351 juris
725 2288 779 2335 seu
800 2269 876 2334 facti
899 2270 1083 2348 defectibus,
1112 2270 1166 2353 qui
1188 2269 1333 2335 adsersus
1356 2268 1429 2331 illas
1503 2316 1506 2326 .

193 2369 231 2434 ad
264 2372 406 2436 effectum
440 2372 627 2456 impediendi
654 2374 703 2439 vel
736 2374 913 2439 retardandi
945 2394 1050 2444 aarum
1085 2374 1293 2439 executionem
1319 2371 1429 2456 quouis

192 2475 281 2540 modo
304 2476 352 2540 vel
373 2476 480 2559 quavis
501 2475 538 2541 de
562 2495 654 2541 causa
675 2479 785 2560 opponi
807 2480 930 2561 possent
953 2477 1078 2541 minime
1093 2477 1333 2560 refragantibus,
1356 2493 1428 2539 suos

192 2578 345 2662 plenarios
366 2582 398 2644 et
417 2580 553 2662 integros
577 2582 703 2663 effectus
725 2582 876 2661 obtinere,
900 2601 1011 2665 easque
1033 2583 1208 2665 propterea,
1231 2581 1373 2646 omnibus
1396 2580 1428 2643 et

87 2688 89 2693 “
192 2683 323 2767 singulis
345 2684 574 2767 impedimentis
597 2686 719 2767 penitus
742 2687 883 2770 rejectis,
914 2687 952 2751 ab
982 2686 1046 2750 illis
1066 2686 1106 2750 ad
1128 2704 1204 2769 quos
1226 2685 1364 2767 spectat,
1397 2684 1429 2747 et

192 2805 245 2870 pro
269 2789 406 2869 tempore
429 2788 681 2871 quandocumque
704 2790 858 2872 spectabit
879 2789 1100 2855 inuiolabiliter
1123 2790 1256 2865 serrari3
1280 2788 1384 2870 sicque
1397 2788 1429 2851 et

191 2909 253 2955 non
275 2891 367 2955 aliter
388 2891 419 2955 in
440 2893 618 2975 praemissis
644 2912 697 2977 per
723 2913 931 2978 quoscumque
951 2894 1071 2979 judices
1091 2892 1268 2959 ordinarios
1289 2894 1321 2956 et
1344 2891 1425 2956 dele·

192 2997 280 3079 gatos
301 2995 435 3077 judicari
459 3016 494 3061 ac
517 2998 638 3063 definiri
660 2998 784 3078 debere,
817 3017 854 3063 ao
879 3000 1001 3063 irritum
1024 2999 1089 3063 fore
1119 3001 1151 3063 et
1179 2998 1269 3062 inane
1290 2996 1315 3061 si
1340 3013 1427 3060 secus

192 3118 283 3183 super
313 3099 361 3164 his
387 3118 406 3164 a
425 3094 578 3184 quoquam
601 3102 709 3187 quavis
731 3102 918 3167 anctoritate
937 3103 1068 3168 scienter
1087 3100 1136 3167 vel
1157 3100 1336 3185 ignoranter
1355 3118 1428 3163 oon·

192 3202 302 3288 tigerit
323 3203 481 3272 attentari.

295 3306 365 3371 Non
388 3308 583 3374 obstantibus
606 3298 800 3393 praemissis,
837 3313 869 3376 et
900 3312 1054 3395 quatenus
1085 3329 1160 3393 opus
1191 3310 1233 3375 sit
1259 3308 1374 3374 Nostra
1397 3308 1428 3371 et

193 3409 401 3476 Cancellariae
422 3411 617 3494 Apostolioaa
640 3415 763 3499 Regula
785 3415 824 3480 de
838 3416 914 3497 jore
935 3415 1073 3498 quaesito
1083 3434 1157 3479 -ooo
1176 3412 1322 3489 toltum,
1343 3408 1427 3474 aliis·

193 3532 250 3597 que
275 3514 458 3595 Apostolicis
481 3535 516 3579 ac
538 3516 570 3579 in
594 3516 845 3595 Universalibus,
883 3517 1126 3582 Provincialibus
1160 3516 1192 3580 et
1225 3514 1426 3600 Synodalibus

194 3618 339 3683 Consiliis
359 3618 451 3683 editis
474 3621 746 3687 constitutionibus
770 3626 803 3687 et
824 3622 1089 3701 ordinationibus,
1115 3639 1170 3685 nec
1196 3639 1256 3685 non
1286 3636 1433 3703 qnorum.

192 3740 322 3805 cumque
335 3721 493 3802 Ordinum,
509 3723 799 3808 Congregationum,
816 3726 1045 3803 lustitutorum,
1064 3727 1096 3791 et
1115 3723 1316 3800 Societatum,
1332 3722 1425 3786 etiam

192 3824 214 3891 J
216 3844 278 3904 esu,
302 3828 335 3890 at
354 3808 531 3909 quatumvis
554 3829 760 3894 Ecclesiarum
777 3832 809 3895 et
824 3830 895 3895 aliis
909 3830 1108 3914 quibuslibet,
1128 3828 1227 3893 'otiam
1242 3826 1428 3911 juramento,

193 3929 422 3997 confirmatione
444 3931 640 4015 Apostolica,
671 3934 719 3998 vel
743 3934 851 4017 quasis
875 3935 937 3999 alia
957 3934 1106 4000 firmitate
1126 3931 1277 3997 roboratis
1300 3929 1430 3995 statutis

193 4039 226 4098 et
247 4034 530 4115 consuetudinibus,
554 4055 589 4100 ac
611 4038 903 4122 praescriptionibus
923 4039 1018 4103 etiem
1039 4035 1311 4115 immemoralibus,
1334 4032 1430 4117 privi-

192 4137 283 4221 legiis
306 4158 435 4222 quoque,
457 4140 588 4206 indultis
608 4144 639 4207 et
662 4142 790 4207 Litteris
813 4143 997 4226 Apostolicis
1015 4142 1245 4227 quomodolibet
1259 4139 1291 4205 in
1307 4143 1430 4203 contra-

193 4242 272 4306 rium
297 4244 533 4325 praemissorum
557 4247 715 4327 concessis,
738 4246 830 4311 editis
853 4252 885 4313 et
906 4248 999 4314 factis
1018 4266 1054 4311 ac
1076 4247 1150 4311 licet
1167 4245 1282 4327 pluries
1296 4242 1428 4308 iteratis.

298 4467 323 4535 1)
341 4467 440 4538 Philip.
460 4468 505 4532 11,
529 4452 554 4521 'a
614 4502 619 4521 ,
