3109 4859
221 89 315 150 aeuo.
332 85 418 149 XIII.
435 86 558 162 mcccc.
579 94 607 147 d.
626 80 672 147 2'9.
689 88 764 148 Jua.
783 83 855 147 lass
874 79 911 148 de
928 97 1048 150 uactort
1066 82 1130 162 poi.
1147 84 1282 163 imperti.
1322 65 1385 143 245

135 270 249 337 iacere
272 266 452 343 recusabat,
481 265 527 330 ita
556 265 659 332 tamen
690 265 725 328 ut
745 264 901 329 discedere
923 264 962 330 ab
983 265 1078 330 armis
1100 267 1192 349 atque
1215 267 1310 332 emori
1332 286 1410 352 pro·
1520 277 1522 284 '

139 373 300 457 religione
322 369 446 448 mallet,
471 366 563 452 quam
584 387 638 452 per
657 367 838 433 seditionem
862 370 893 438 et
915 369 1023 434 turbas
1046 369 1234 449 auctoritati,
1244 370 1385 454 publicae

141 494 333 561 repugnare.

242 580 365 672 'Postea
395 596 465 643 vcro
494 596 586 661 quam
606 575 797 659 respublicae
819 575 972 659 principes
995 574 1177 642 christianos
1199 576 1384 657 habueruut,

151 682 250 749 multo
272 681 373 767 magis
394 680 531 746 Ecclesia
553 679 715 745 testificari
747 698 783 743 ac
809 679 983 763 praedicere
1006 680 1136 759 institit,
1170 682 1320 765 quantum
1352 683 1384 747 in

153 786 337 853 austeritate
357 784 574 868 imperantium
597 783 711 849 inesset
733 783 928 850 sanctitatis:
951 802 1067 866 exque
1090 784 1230 851 futurum
1249 790 1327 876 erat,
1348 788 1385 851 ut

34 890 39 896 “
152 889 288 974 populis,
317 909 387 955 cum
411 888 448 953 de
470 888 643 972 principatu
664 888 854 971 cogitarent,
889 905 995 953 sacrae
1028 887 1188 971 cujusdam
1212 889 1385 974 majestatis

151 994 267 1077 species
289 995 476 1071 occurreret,
510 1010 588 1075 quae
623 991 659 1055 acl
696 991 843 1075 majorem
874 990 1046 1074 principum
1074 1010 1143 1056 cum
1170 994 1384 1059 verecundiam

150 1102 217 1164 turn
242 1115 375 1162 amorem
398 1095 581 1180 impelleret.
612 1096 715 1179 Atque
739 1094 831 1179 hujus
854 1093 899 1159 rei
921 1113 1042 1173 caussa,
1063 1095 1218 1178 sapienter
1239 1098 1384 1179 providit,

149 1206 187 1268 ut
207 1221 295 1287 reges
317 1219 471 1267 sacrorum
495 1200 682 1266 solemnibus
704 1196 916 1275 initiarentur,
938 1198 1019 1281 quod
1042 1203 1110 1263 erat
1131 1199 1163 1264 in
1187 1200 1385 1268 Testamenta

149 1308 256 1373 Veteri
280 1306 338 1371 Dei
361 1305 544 1370 auctoritate
567 1304 780 1371 constitutum.
814 1340 855 1394 -ἱ
883 1302 949 1383 Quo
977 1305 1082 1369 autem
1116 1306 1252 1387 tempore
1286 1306 1385 1371 civilis

148 1411 310 1477 bominum
334 1409 482 1486 societas,
514 1407 674 1492 tamquam
707 1426 723 1472 e
757 1407 855 1471 ruinis
884 1406 1019 1472 excitata
1044 1407 1166 1491 imperii
1188 1410 1322 1486 romani,
1353 1410 1385 1473 in

148 1534 237 1599 spem
260 1513 448 1579 christianae
471 1512 693 1596 magnitudinis
715 1510 842 1590 revixit,
873 1510 1038 1577 Pontifices
1066 1512 1209 1592 Romani,
1240 1513 1385 1579 instituto

148 1619 281 1701 imperio
302 1638 403 1696 sucro,
427 1615 583 1700 politicam
608 1616 796 1699 potestatam
820 1614 970 1697 singulari
986 1614 1105 1679 ratione
1120 1621 1384 1684 consecraverunt.

150 1722 290 1797 Maxima
312 1720 435 1805 quidem
457 1738 493 1785 ea
515 1718 575 1784 iuit
597 1718 769 1784 nobilitatis
785 1768 787 1772 .
802 1718 840 1783 ad
867 1718 1074 1801 principatum
1103 1720 1253 1788 accessio:
1280 1741 1385 1805 neque

151 1811 359 1892 dubitandum
382 1822 455 1907 quin
487 1841 670 1906 magnopere
700 1821 780 1886 illud
803 1821 984 1887 institutum
1006 1823 1037 1885 et
1060 1821 1223 1907 religiosae
1245 1826 1277 1894 et
1300 1825 1384 1890 civili

150 1929 292 1996 societati
315 1947 434 2011 semper
458 1927 566 1993 fuisset
588 1927 791 2011 profuturum,
812 1926 839 1991 si
862 1924 943 2009 quod
958 1926 1097 1992 Ecclesia
1111 1928 1283 2010 spectabat,
1300 1928 1383 1995 idem

150 2034 304 2119 principes
336 2033 366 2098 et
395 2031 496 2115 populi
522 2038 641 2115 semper
662 2030 894 2115 spectavissent.
919 2066 961 2077 -
983 2030 1023 2095 at
1046 2049 1119 2095 sanc
1142 2031 1264 2115 quietae
1285 2052 1333 2098 res
1353 2034 1385 2099 et

150 2138 236 2203 satis
258 2132 417 2220 prosperae
446 2137 678 2219 permanserunt
711 2135 858 2220 quamdiu
892 2134 973 2199 inter
1006 2136 1168 2217 utramque
1198 2138 1384 2219 potestatem

153 2260 275 2306 concors
297 2240 436 2307 amicitia
458 2239 635 2323 permansit.
681 2238 713 2305 si
735 2238 810 2321 quid
836 2239 1056 2303 tumultuando
1085 2240 1248 2321 peccarent
1269 2240 1383 2324 populi,

153 2348 273 2429 praesto
298 2344 365 2409 erut
394 2340 584 2409 conciliatrix
606 2342 846 2427 tranquillitatis
873 2342 1030 2420 Ecclesia,
1062 2361 1140 2425 quae
1173 2343 1311 2427 singulos
1345 2344 1384 2409 ad

151 2448 285 2514 officium
303 2450 433 2525 voearet,
458 2448 758 2532 vehementioresque
774 2446 961 2531 cupiditates
975 2446 1089 2529 partim
1108 2446 1248 2524 lenitate,
1270 2447 1385 2530 partim

92 2614 101 2620 .
149 2553 336 2619 auctoritate
358 2553 572 2636 compesceret.
594 2550 768 2617 -Similiter
798 2551 824 2620 si
853 2550 928 2635 quid
950 2551 983 2615 in
1003 2550 1201 2634 gubernando
1223 2553 1386 2634 peccarent
1486 2604 1491 2608 .

149 2656 320 2741 principes,
340 2658 407 2721 tum
430 2656 497 2739 ipsa
519 2655 559 2720 ad
582 2655 733 2738 principes
756 2654 856 2732 adire,
880 2658 912 2720 et
935 2647 1113 2738 populorum
1133 2654 1218 2738 jura,
1251 2656 1384 2721 necessi·

149 2763 251 2838 tates,
291 2762 376 2825 rectu
415 2758 567 2825 desideria
604 2760 887 2837 commemorando,
928 2758 1136 2842 aequitatem,
1177 2758 1384 2838 clementiam,

148 2864 373 2948 benignitatem
397 2864 534 2929 suadere.
580 2862 646 2943 Qua
672 2863 790 2930 ratione
813 2863 929 2946 pluries
951 2864 998 2927 est
1020 2862 1238 2946 impetratum,
1270 2864 1307 2928 ut
1332 2863 1384 2927 tu-

150 2967 305 3033 multuum
325 2969 356 3032 et
369 2966 520 3032 bellorum
542 2966 680 3032 civilium
702 2967 839 3050 pericula
861 2966 1104 3050 prohiberentur.

254 3070 367 3137 Contra
389 3071 531 3137 inventae
554 3090 572 3137 a
592 3070 812 3139 recentioribus
836 3070 873 3136 de
895 3070 1049 3153 potesate
1071 3069 1201 3159 politica
1226 3068 1383 3133 doctrinae

149 3192 278 3258 magnas
302 3174 369 3258 jam
404 3174 589 3239 acerbitates
616 3174 792 3239 hominibus
827 3174 1018 3253 attulerunt,
1053 3172 1311 3255 metuendumque
1345 3191 1383 3236 ne

151 3280 284 3343 extrema
306 3278 457 3343 malorum
480 3277 611 3343 aderant
632 3278 663 3343 in
687 3279 854 3361 posterum.
889 3278 1016 3361 'Etenim
1035 3277 1087 3362 jus
1108 3276 1280 3360 imperandi
1303 3275 1383 3341 nolle

152 3382 190 3445 ad
211 3382 309 3447 Deum
333 3382 446 3448 reterre
469 3383 636 3461 auctorem,
661 3381 738 3447 nibil
762 3386 810 3447 est
832 3382 919 3447 aliud
939 3400 1033 3465 quam
1057 3381 1202 3465 politicae
1218 3379 1365 3465 potestat‘

153 3485 182 3547 et
204 3485 444 3573 pulcherrimum
472 3476 673 3571 splendorem
686 3486 765 3552 velle
789 3486 925 3553 deletum
947 3489 979 3552 et
1001 3505 1108 3552 nervos
1130 3486 1251 3553 incisos.
1296 3482 1384 3567 Quod

150 3591 254 3655 aalma
274 3590 418 3674 inquiunt
437 3610 473 3656 cx
495 3591 622 3681 arbitrio
644 3590 731 3657 illam
754 3590 884 3675 pendere
904 3590 1132 3671 multitudinis,
1160 3592 1294 3678 pqimum
1317 3592 1381 3676 opi·

150 3692 239 3758 aione
262 3693 430 3774 falluntur3
454 3695 562 3761 deiude
585 3695 713 3762 nimium
734 3695 796 3761 leri
820 3714 856 3761 ao
878 3694 1004 3761 flexibili
1020 3695 1218 3761 fundamento
1234 3697 1385 3762 staduunt

149 3798 365 3881 principatum.
397 3800 454 3864 His
477 3799 558 3865 enim
581 3799 773 3883 opinionibus
796 3799 883 3882 quasi
905 3799 1042 3865 stimulis
1057 3799 1207 3865 incitatae
1221 3799 1384 3883 populares

150 3901 338 3984 cupiditates
360 3921 426 3969 sese
446 3902 572 3968 efferent
593 3903 784 3981 insolentius,
809 3920 981 3986 magnaque
1004 3921 1074 3968 cum
1094 3901 1227 3987 pernicie
1247 3902 1384 3985 republi-

151 4023 205 4069 cae
228 4005 267 4069 ad
289 4024 393 4072 coecos
416 4007 533 4085 motus,
566 4005 605 4071 ad
635 4007 757 4090 apertas
784 4005 949 4071 seditiones
976 4005 1104 4090 proclivi
1126 4023 1217 4069 cursu
1238 4006 1270 4071 et
1292 4006 1382 4087 taeile

152 4108 343 4175 delabentur.
389 4110 508 4175 Revera
527 4110 634 4188 illam,
661 4127 754 4192 quam
777 4107 1043 4192 Resurrectionem
1064 4109 1188 4186 vocant,
1220 4108 1308 4191 cujus
1328 4107 1384 4172 ad·

148 4210 267 4295 jutores
294 4216 325 4279 et
352 4214 443 4279 duces
470 4232 591 4279 sacram
613 4211 796 4296 civilemque
817 4214 1004 4296 potestatem
1028 4230 1118 4278 nores
1141 4209 1288 4277 doctrinis
1312 4211 1383 4276 sirn-

19 4370 27 4403 ,
152 4317 236 4383 ditus
258 4319 521 4403 oppugnaverunt,
548 4316 699 4400 repentini
721 4316 876 4381 tumultus
898 4318 931 4382 et
953 4316 1179 4382 audacissimus
1200 4314 1383 4381 rebelliones

152 4421 332 4505 praesertim
357 4422 388 4485 in
411 4420 576 4488 Germania
596 4422 775 4487 consecutae
799 4423 891 4505 sunta
913 4420 1005 4504 idque
1024 4419 1115 4485 tanta
1136 4438 1206 4485 cum
1222 4417 1383 4485 domestici
