<?xml version="1.0" encoding="UTF-8"?>
<!DOCTYPE html PUBLIC "-//W3C//DTD XHTML 1.0 Transitional//EN"
    "http://www.w3.org/TR/xhtml1/DTD/xhtml1-transitional.dtd">
<html xmlns="http://www.w3.org/1999/xhtml" xml:lang="en" lang="en">
 <head>
  <title>
</title>
<meta http-equiv="Content-Type" content="text/html;charset=utf-8" />
  <meta name='ocr-system' content='tesseract 3.04.00' />
  <meta name='ocr-capabilities' content='ocr_page ocr_carea ocr_par ocr_line ocrx_word'/>
</head>
<body>
  <div class='ocr_page' id='page_1' title='image "./archivfrkatholi10unkngoog_0428.png"; bbox 0 0 3109 4859; ppageno 0'>
   <div class='ocr_carea' id='block_1_1' title="bbox 143 122 1209 204">
    <p class='ocr_par' dir='ltr' id='par_1_1' title="bbox 143 122 1209 204">
     <span class='ocr_line' id='line_1_1' title="bbox 143 122 1209 204; baseline 0.001 -20"><span class='ocrx_word' id='word_1_1' title='bbox 143 122 208 185; x_wconf 88' lang='grc'>416</span> <span class='ocrx_word' id='word_1_2' title='bbox 317 136 509 203; x_wconf 73' lang='lat' dir='ltr'><em>Responsum</em></span> <span class='ocrx_word' id='word_1_3' title='bbox 528 151 550 185; x_wconf 86' lang='lat' dir='ltr'>s.</span> <span class='ocrx_word' id='word_1_4' title='bbox 571 133 680 204; x_wconf 60' lang='lat' dir='ltr'>coepe</span> <span class='ocrx_word' id='word_1_5' title='bbox 700 134 920 203; x_wconf 76' lang='lat' dir='ltr'>lnquisc‘te&#39;onts</span> <span class='ocrx_word' id='word_1_6' title='bbox 937 135 966 187; x_wconf 89' lang='lat' dir='ltr'>d.</span> <span class='ocrx_word' id='word_1_7' title='bbox 983 131 1109 186; x_wconf 58' lang='lat' dir='ltr'>almare</span> <span class='ocrx_word' id='word_1_8' title='bbox 1127 131 1209 187; x_wconf 79' lang='lat'><strong><em>1877.</em></strong></span> 
     </span>
    </p>
   </div>
   <div class='ocr_carea' id='block_1_2' title="bbox 143 302 1394 2155">
    <p class='ocr_par' dir='ltr' id='par_1_2' title="bbox 144 302 1394 1533">
     <span class='ocr_line' id='line_1_2' title="bbox 144 302 1394 389; baseline -0.006 -14"><span class='ocrx_word' id='word_1_9' title='bbox 144 309 262 375; x_wconf 85' lang='lat' dir='ltr'>factum</span> <span class='ocrx_word' id='word_1_10' title='bbox 285 307 380 372; x_wconf 86' lang='lat' dir='ltr'>fnisse</span> <span class='ocrx_word' id='word_1_11' title='bbox 402 303 664 389; x_wconf 80' lang='lat' dir='ltr'>deprehendatur,</span> <span class='ocrx_word' id='word_1_12' title='bbox 696 302 882 368; x_wconf 88' lang='lat' dir='ltr'>censendum</span> <span class='ocrx_word' id='word_1_13' title='bbox 912 305 960 367; x_wconf 91' lang='lat' dir='ltr'>est</span> <span class='ocrx_word' id='word_1_14' title='bbox 983 322 1019 367; x_wconf 84' lang='lat' dir='ltr'>er</span> <span class='ocrx_word' id='word_1_15' title='bbox 1038 303 1285 386; x_wconf 81' lang='lat' dir='ltr'>praesumptione</span> <span class='ocrx_word' id='word_1_16' title='bbox 1306 304 1394 388; x_wconf 86' lang='lat' dir='ltr'>juris</span> 
     </span>
     <span class='ocr_line' id='line_1_3' title="bbox 144 407 1394 492; baseline -0.005 -15"><span class='ocrx_word' id='word_1_17' title='bbox 144 411 348 477; x_wconf 88' lang='lat' dir='ltr'>intentionem</span> <span class='ocrx_word' id='word_1_18' title='bbox 370 407 570 492; x_wconf 87' lang='lat' dir='ltr'>permanendi</span> <span class='ocrx_word' id='word_1_19' title='bbox 589 427 643 491; x_wconf 91' lang='lat' dir='ltr'>per</span> <span class='ocrx_word' id='word_1_20' title='bbox 663 408 814 492; x_wconf 89' lang='lat' dir='ltr'>majorem</span> <span class='ocrx_word' id='word_1_21' title='bbox 834 409 907 472; x_wconf 89' lang='lat' dir='ltr'>anni</span> <span class='ocrx_word' id='word_1_22' title='bbox 929 410 1049 490; x_wconf 88' lang='lat' dir='ltr'>partem</span> <span class='ocrx_word' id='word_1_23' title='bbox 1071 408 1243 487; x_wconf 78' lang='lat' dir='ltr'>exstitisse,</span> <span class='ocrx_word' id='word_1_24' title='bbox 1274 410 1306 471; x_wconf 92' lang='lat' dir='ltr'>et</span> <span class='ocrx_word' id='word_1_25' title='bbox 1332 407 1394 472; x_wconf 90' lang='lat' dir='ltr'>do·</span> 
     </span>
     <span class='ocr_line' id='line_1_4' title="bbox 146 511 1392 596; baseline -0.005 -15"><span class='ocrx_word' id='word_1_26' title='bbox 146 516 297 581; x_wconf 89' lang='lat' dir='ltr'>micilium</span> <span class='ocrx_word' id='word_1_27' title='bbox 321 514 415 578; x_wconf 88' lang='lat' dir='ltr'>fuisse</span> <span class='ocrx_word' id='word_1_28' title='bbox 438 512 642 596; x_wconf 88' lang='lat' dir='ltr'>acquisitum,</span> <span class='ocrx_word' id='word_1_29' title='bbox 666 512 854 596; x_wconf 86' lang='lat' dir='ltr'>proindeque</span> <span class='ocrx_word' id='word_1_30' title='bbox 883 512 1114 577; x_wconf 86' lang='lat' dir='ltr'>matrimonium</span> <span class='ocrx_word' id='word_1_31' title='bbox 1145 531 1211 576; x_wconf 91' lang='lat' dir='ltr'>esse</span> <span class='ocrx_word' id='word_1_32' title='bbox 1239 511 1392 577; x_wconf 86' lang='lat' dir='ltr'>validum.</span> 
     </span>
     <span class='ocr_line' id='line_1_5' title="bbox 145 615 1394 702; baseline -0.004 -17"><span class='ocrx_word' id='word_1_33' title='bbox 145 622 190 685; x_wconf 76' lang='lat' dir='ltr'>At</span> <span class='ocrx_word' id='word_1_34' title='bbox 213 619 238 684; x_wconf 92' lang='lat' dir='ltr'>si</span> <span class='ocrx_word' id='word_1_35' title='bbox 261 616 470 702; x_wconf 87' lang='lat' dir='ltr'>praesumptio</span> <span class='ocrx_word' id='word_1_36' title='bbox 493 616 569 680; x_wconf 89' lang='lat' dir='ltr'>haec</span> <span class='ocrx_word' id='word_1_37' title='bbox 585 616 682 699; x_wconf 93' lang='lat' dir='ltr'>juris,</span> <span class='ocrx_word' id='word_1_38' title='bbox 715 634 794 699; x_wconf 90' lang='lat' dir='ltr'>quae</span> <span class='ocrx_word' id='word_1_39' title='bbox 822 636 856 679; x_wconf 85' lang='lat' dir='ltr'>ex</span> <span class='ocrx_word' id='word_1_40' title='bbox 885 617 1042 689; x_wconf 81' lang='lat' dir='ltr'>menstrua</span> <span class='ocrx_word' id='word_1_41' title='bbox 1061 615 1255 681; x_wconf 86' lang='lat' dir='ltr'>habitatione</span> <span class='ocrx_word' id='word_1_42' title='bbox 1277 618 1394 699; x_wconf 87' lang='lat' dir='ltr'>oritur,</span> 
     </span>
     <span class='ocr_line' id='line_1_6' title="bbox 145 719 1394 803; baseline -0.002 -14"><span class='ocrx_word' id='word_1_43' title='bbox 145 723 307 790; x_wconf 82' lang='lat' dir='ltr'>contrariis</span> <span class='ocrx_word' id='word_1_44' title='bbox 330 720 464 785; x_wconf 89' lang='lat' dir='ltr'>elidatur</span> <span class='ocrx_word' id='word_1_45' title='bbox 485 720 726 803; x_wconf 88' lang='lat' dir='ltr'>probationibus,</span> <span class='ocrx_word' id='word_1_46' title='bbox 748 720 861 802; x_wconf 90' lang='lat' dir='ltr'>quibus</span> <span class='ocrx_word' id='word_1_47' title='bbox 884 721 968 785; x_wconf 89' lang='lat' dir='ltr'>certo</span> <span class='ocrx_word' id='word_1_48' title='bbox 983 738 1019 783; x_wconf 90' lang='lat' dir='ltr'>ac</span> <span class='ocrx_word' id='word_1_49' title='bbox 1034 719 1150 803; x_wconf 90' lang='lat' dir='ltr'>liquido</span> <span class='ocrx_word' id='word_1_50' title='bbox 1166 721 1284 784; x_wconf 89' lang='lat' dir='ltr'>constet</span> <span class='ocrx_word' id='word_1_51' title='bbox 1297 740 1394 803; x_wconf 89' lang='lat' dir='ltr'>prae-</span> 
     </span>
     <span class='ocr_line' id='line_1_7' title="bbox 145 823 1394 908; baseline -0.002 -17"><span class='ocrx_word' id='word_1_52' title='bbox 145 828 262 891; x_wconf 91' lang='lat' dir='ltr'>dictum</span> <span class='ocrx_word' id='word_1_53' title='bbox 286 826 424 890; x_wconf 91' lang='lat' dir='ltr'>animum</span> <span class='ocrx_word' id='word_1_54' title='bbox 448 824 532 895; x_wconf 90' lang='lat' dir='ltr'>nullo</span> <span class='ocrx_word' id='word_1_55' title='bbox 555 825 645 907; x_wconf 86' lang='lat' dir='ltr'>pacto</span> <span class='ocrx_word' id='word_1_56' title='bbox 668 824 834 902; x_wconf 81' lang='lat' dir='ltr'>exstitisse,</span> <span class='ocrx_word' id='word_1_57' title='bbox 857 826 932 889; x_wconf 90' lang='lat' dir='ltr'>tune</span> <span class='ocrx_word' id='word_1_58' title='bbox 954 824 1089 907; x_wconf 80' lang='lat' dir='ltr'>protecto</span> <span class='ocrx_word' id='word_1_59' title='bbox 1112 823 1301 889; x_wconf 81' lang='lat' dir='ltr'>contrarium</span> <span class='ocrx_word' id='word_1_60' title='bbox 1317 845 1394 908; x_wconf 90' lang='lat' dir='ltr'>pro·</span> 
     </span>
     <span class='ocr_line' id='line_1_8' title="bbox 144 927 1394 1019; baseline 0.001 -25"><span class='ocrx_word' id='word_1_61' title='bbox 144 930 219 995; x_wconf 84' lang='lat' dir='ltr'>ferri</span> <span class='ocrx_word' id='word_1_62' title='bbox 241 929 350 994; x_wconf 88' lang='lat' dir='ltr'>debere</span> <span class='ocrx_word' id='word_1_63' title='bbox 373 927 522 1010; x_wconf 89' lang='lat' dir='ltr'>judicium</span> <span class='ocrx_word' id='word_1_64' title='bbox 541 927 741 1019; x_wconf 84' lang='lat' dir='ltr'>manifestum</span> <span class='ocrx_word' id='word_1_65' title='bbox 762 930 827 994; x_wconf 88' lang='lat' dir='ltr'>est:</span> <span class='ocrx_word' id='word_1_66' title='bbox 850 928 922 1012; x_wconf 89' lang='lat' dir='ltr'>quia</span> <span class='ocrx_word' id='word_1_67' title='bbox 945 929 1155 1011; x_wconf 86' lang='lat' dir='ltr'>praesumptio</span> <span class='ocrx_word' id='word_1_68' title='bbox 1173 929 1280 993; x_wconf 86' lang='lat' dir='ltr'>cedere</span> <span class='ocrx_word' id='word_1_69' title='bbox 1295 930 1394 995; x_wconf 87' lang='lat' dir='ltr'>debet</span> 
     </span>
     <span class='ocr_line' id='line_1_9' title="bbox 146 1032 1391 1115; baseline 0 -19"><span class='ocrx_word' id='word_1_70' title='bbox 146 1033 280 1098; x_wconf 85' lang='lat' dir='ltr'>veritati.</span> <span class='ocrx_word' id='word_1_71' title='bbox 327 1033 492 1097; x_wconf 88' lang='lat' dir='ltr'>Praeterea</span> <span class='ocrx_word' id='word_1_72' title='bbox 520 1032 716 1097; x_wconf 82' lang='lat' dir='ltr'>manifestum</span> <span class='ocrx_word' id='word_1_73' title='bbox 746 1051 865 1115; x_wconf 91' lang='lat' dir='ltr'>quoque</span> <span class='ocrx_word' id='word_1_74' title='bbox 896 1034 943 1095; x_wconf 92' lang='lat' dir='ltr'>est</span> <span class='ocrx_word' id='word_1_75' title='bbox 974 1032 1130 1097; x_wconf 82' lang='lat' dir='ltr'>actualem</span> <span class='ocrx_word' id='word_1_76' title='bbox 1161 1032 1391 1097; x_wconf 85' lang='lat' dir='ltr'>habitationem</span> 
     </span>
     <span class='ocr_line' id='line_1_10' title="bbox 145 1135 1392 1221; baseline 0.002 -21"><span class='ocrx_word' id='word_1_77' title='bbox 145 1137 284 1221; x_wconf 90' lang='lat' dir='ltr'>ineptam</span> <span class='ocrx_word' id='word_1_78' title='bbox 306 1154 373 1201; x_wconf 89' lang='lat' dir='ltr'>esse</span> <span class='ocrx_word' id='word_1_79' title='bbox 395 1136 436 1201; x_wconf 94' lang='lat' dir='ltr'>ad</span> <span class='ocrx_word' id='word_1_80' title='bbox 460 1135 756 1218; x_wconf 88' lang='lat' dir='ltr'>quasi-domicilium</span> <span class='ocrx_word' id='word_1_81' title='bbox 779 1136 977 1219; x_wconf 88' lang='lat' dir='ltr'>pariendum,</span> <span class='ocrx_word' id='word_1_82' title='bbox 1007 1136 1125 1219; x_wconf 88' lang='lat' dir='ltr'>siquis</span> <span class='ocrx_word' id='word_1_83' title='bbox 1148 1138 1180 1201; x_wconf 89' lang='lat' dir='ltr'>in</span> <span class='ocrx_word' id='word_1_84' title='bbox 1203 1156 1240 1203; x_wconf 90' lang='lat' dir='ltr'>ea</span> <span class='ocrx_word' id='word_1_85' title='bbox 1262 1138 1392 1221; x_wconf 79' lang='lat' dir='ltr'>regione</span> 
     </span>
     <span class='ocr_line' id='line_1_11' title="bbox 145 1239 1391 1323; baseline -0.001 -18"><span class='ocrx_word' id='word_1_86' title='bbox 145 1259 229 1305; x_wconf 91' lang='lat' dir='ltr'>more</span> <span class='ocrx_word' id='word_1_87' title='bbox 250 1240 320 1323; x_wconf 83' lang='lat' dir='ltr'>vagi</span> <span class='ocrx_word' id='word_1_88' title='bbox 342 1240 375 1304; x_wconf 94' lang='lat' dir='ltr'>et</span> <span class='ocrx_word' id='word_1_89' title='bbox 392 1239 568 1304; x_wconf 85' lang='lat' dir='ltr'>itinerantis</span> <span class='ocrx_word' id='word_1_90' title='bbox 591 1240 806 1319; x_wconf 87' lang='lat' dir='ltr'>commoretur,</span> <span class='ocrx_word' id='word_1_91' title='bbox 829 1258 889 1304; x_wconf 89' lang='lat' dir='ltr'>non</span> <span class='ocrx_word' id='word_1_92' title='bbox 910 1240 1016 1304; x_wconf 89' lang='lat' dir='ltr'>autem</span> <span class='ocrx_word' id='word_1_93' title='bbox 1037 1258 1108 1304; x_wconf 86' lang='lat' dir='ltr'>rere</span> <span class='ocrx_word' id='word_1_94' title='bbox 1130 1240 1311 1323; x_wconf 88' lang='lat' dir='ltr'>proprieque</span> <span class='ocrx_word' id='word_1_95' title='bbox 1331 1240 1391 1305; x_wconf 89' lang='lat' dir='ltr'>ha-</span> 
     </span>
     <span class='ocr_line' id='line_1_12' title="bbox 145 1329 1390 1427; baseline 0 -18"><span class='ocrx_word' id='word_1_96' title='bbox 145 1344 290 1423; x_wconf 86' lang='lat' dir='ltr'>bitantis,</span> <span class='ocrx_word' id='word_1_97' title='bbox 321 1342 580 1427; x_wconf 89' lang='lat' dir='ltr'>quemadmodum</span> <span class='ocrx_word' id='word_1_98' title='bbox 614 1342 733 1409; x_wconf 87' lang='lat' dir='ltr'>scilicet</span> <span class='ocrx_word' id='word_1_99' title='bbox 764 1344 878 1409; x_wconf 89' lang='lat' dir='ltr'>caeteri</span> <span class='ocrx_word' id='word_1_100' title='bbox 908 1329 1027 1422; x_wconf 86' lang='lat' dir='ltr'>solent,</span> <span class='ocrx_word' id='word_1_101' title='bbox 1057 1344 1165 1427; x_wconf 89' lang='lat' dir='ltr'>quiin</span> <span class='ocrx_word' id='word_1_102' title='bbox 1189 1343 1390 1409; x_wconf 88' lang='lat' dir='ltr'>eodemloco</span> 
     </span>
     <span class='ocr_line' id='line_1_13' title="bbox 146 1446 957 1533; baseline -0.004 -19"><span class='ocrx_word' id='word_1_103' title='bbox 146 1467 252 1515; x_wconf 88' lang='lat' dir='ltr'>rerum</span> <span class='ocrx_word' id='word_1_104' title='bbox 274 1448 455 1532; x_wconf 90' lang='lat' dir='ltr'>proprieque</span> <span class='ocrx_word' id='word_1_105' title='bbox 477 1448 595 1533; x_wconf 87' lang='lat' dir='ltr'>dictum</span> <span class='ocrx_word' id='word_1_106' title='bbox 617 1446 807 1513; x_wconf 90' lang='lat' dir='ltr'>domicilium</span> <span class='ocrx_word' id='word_1_107' title='bbox 830 1449 957 1513; x_wconf 88' lang='lat' dir='ltr'>habent.</span> 
     </span>
    </p>

    <p class='ocr_par' dir='ltr' id='par_1_3' title="bbox 145 1550 1390 1739">
     <span class='ocr_line' id='line_1_14' title="bbox 249 1550 1390 1635; baseline 0.001 -20"><span class='ocrx_word' id='word_1_108' title='bbox 249 1550 298 1615; x_wconf 83' lang='lat' dir='ltr'>Ad</span> <span class='ocrx_word' id='word_1_109' title='bbox 326 1551 518 1635; x_wconf 82' lang='lat' dir='ltr'>postulatum</span> <span class='ocrx_word' id='word_1_110' title='bbox 548 1551 677 1616; x_wconf 89' lang='lat' dir='ltr'>tertium</span> <span class='ocrx_word' id='word_1_111' title='bbox 709 1553 747 1617; x_wconf 89' lang='lat' dir='ltr'>de</span> <span class='ocrx_word' id='word_1_112' title='bbox 777 1571 868 1617; x_wconf 87' lang='lat' dir='ltr'>sensu</span> <span class='ocrx_word' id='word_1_113' title='bbox 899 1552 1057 1616; x_wconf 85' lang='lat' dir='ltr'>clausulae</span> <span class='ocrx_word' id='word_1_114' title='bbox 1087 1552 1274 1616; x_wconf 89' lang='lat' dir='ltr'>facultatum</span> <span class='ocrx_word' id='word_1_115' title='bbox 1301 1552 1390 1617; x_wconf 83' lang='lat' dir='ltr'>extra</span> 
     </span>
     <span class='ocr_line' id='line_1_15' title="bbox 145 1654 1152 1739; baseline -0.001 -19"><span class='ocrx_word' id='word_1_116' title='bbox 145 1655 221 1721; x_wconf 89' lang='lat' dir='ltr'>fines</span> <span class='ocrx_word' id='word_1_117' title='bbox 241 1654 390 1721; x_wconf 88' lang='lat' dir='ltr'>dioecesis</span> <span class='ocrx_word' id='word_1_118' title='bbox 413 1674 590 1739; x_wconf 88' lang='lat' dir='ltr'>responsum</span> <span class='ocrx_word' id='word_1_119' title='bbox 614 1656 690 1720; x_wconf 87' lang='lat' dir='ltr'>fuit:</span> <span class='ocrx_word' id='word_1_120' title='bbox 788 1655 791 1659; x_wconf 75' lang='grc'><em>’</em></span> <span class='ocrx_word' id='word_1_121' title='bbox 1146 1725 1152 1730; x_wconf 54' lang='grc'>,</span> 
     </span>
    </p>

    <p class='ocr_par' dir='ltr' id='par_1_4' title="bbox 143 1758 1388 2155">
     <span class='ocr_line' id='line_1_16' title="bbox 250 1758 1388 1844; baseline -0.001 -19"><span class='ocrx_word' id='word_1_122' title='bbox 250 1759 351 1825; x_wconf 89' lang='lat' dir='ltr'>Verba</span> <span class='ocrx_word' id='word_1_123' title='bbox 371 1758 487 1825; x_wconf 89' lang='lat' dir='ltr'>relatae</span> <span class='ocrx_word' id='word_1_124' title='bbox 509 1761 658 1827; x_wconf 89' lang='lat' dir='ltr'>lormulae</span> <span class='ocrx_word' id='word_1_125' title='bbox 681 1760 726 1827; x_wconf 90' lang='lat' dir='ltr'>ita</span> <span class='ocrx_word' id='word_1_126' title='bbox 749 1780 815 1826; x_wconf 90' lang='lat' dir='ltr'>esse</span> <span class='ocrx_word' id='word_1_127' title='bbox 837 1760 1051 1844; x_wconf 85' lang='lat' dir='ltr'>intelligenda,</span> <span class='ocrx_word' id='word_1_128' title='bbox 1077 1761 1112 1824; x_wconf 90' lang='lat' dir='ltr'>ut</span> <span class='ocrx_word' id='word_1_129' title='bbox 1135 1759 1310 1843; x_wconf 80' lang='lat' dir='ltr'>Episcopus,</span> <span class='ocrx_word' id='word_1_130' title='bbox 1340 1760 1388 1824; x_wconf 90' lang='lat' dir='ltr'>uti</span> 
     </span>
     <span class='ocr_line' id='line_1_17' title="bbox 145 1862 1386 1947; baseline -0.002 -18"><span class='ocrx_word' id='word_1_131' title='bbox 145 1863 240 1946; x_wconf 89' lang='lat' dir='ltr'>possit</span> <span class='ocrx_word' id='word_1_132' title='bbox 261 1863 465 1928; x_wconf 82' lang='lat' dir='ltr'>facultatibus</span> <span class='ocrx_word' id='word_1_133' title='bbox 480 1882 561 1947; x_wconf 84' lang='lat' dir='ltr'>erga</span> <span class='ocrx_word' id='word_1_134' title='bbox 579 1882 649 1928; x_wconf 90' lang='lat' dir='ltr'>suos</span> <span class='ocrx_word' id='word_1_135' title='bbox 664 1864 815 1942; x_wconf 88' lang='lat' dir='ltr'>subditos,</span> <span class='ocrx_word' id='word_1_136' title='bbox 838 1864 892 1947; x_wconf 90' lang='lat' dir='ltr'>qui</span> <span class='ocrx_word' id='word_1_137' title='bbox 909 1867 991 1942; x_wconf 62' lang='lat' dir='ltr'>adu,</span> <span class='ocrx_word' id='word_1_138' title='bbox 1012 1882 1071 1946; x_wconf 92' lang='lat' dir='ltr'>quo</span> <span class='ocrx_word' id='word_1_139' title='bbox 1087 1862 1287 1945; x_wconf 88' lang='lat' dir='ltr'>dispensandi</span> <span class='ocrx_word' id='word_1_140' title='bbox 1302 1863 1386 1942; x_wconf 86' lang='lat' dir='ltr'>sunt,</span> 
     </span>
     <span class='ocr_line' id='line_1_18' title="bbox 143 1966 1382 2052; baseline -0.002 -18"><span class='ocrx_word' id='word_1_141' title='bbox 143 1971 176 2034; x_wconf 89' lang='lat' dir='ltr'>in</span> <span class='ocrx_word' id='word_1_142' title='bbox 198 1967 319 2052; x_wconf 89' lang='lat' dir='ltr'>propria</span> <span class='ocrx_word' id='word_1_143' title='bbox 340 1966 472 2031; x_wconf 89' lang='lat' dir='ltr'>dioecesi</span> <span class='ocrx_word' id='word_1_144' title='bbox 494 1968 739 2043; x_wconf 88' lang='lat' dir='ltr'>commorantur;</span> <span class='ocrx_word' id='word_1_145' title='bbox 762 1968 903 2050; x_wconf 89' lang='lat' dir='ltr'>quamvis</span> <span class='ocrx_word' id='word_1_146' title='bbox 925 1967 990 2050; x_wconf 88' lang='lat' dir='ltr'>ipsc</span> <span class='ocrx_word' id='word_1_147' title='bbox 1007 1967 1173 2050; x_wconf 80' lang='lat' dir='ltr'>Episcopus</span> <span class='ocrx_word' id='word_1_148' title='bbox 1189 1969 1276 2030; x_wconf 81' lang='lat' dir='ltr'>extra</span> <span class='ocrx_word' id='word_1_149' title='bbox 1291 1985 1382 2031; x_wconf 90' lang='lat' dir='ltr'>suam</span> 
     </span>
     <span class='ocr_line' id='line_1_19' title="bbox 147 2071 437 2155; baseline -0.014 -16"><span class='ocrx_word' id='word_1_150' title='bbox 147 2072 309 2139; x_wconf 90' lang='lat' dir='ltr'>dioecesim</span> <span class='ocrx_word' id='word_1_151' title='bbox 332 2071 437 2155; x_wconf 85' lang='lat' dir='ltr'>degat.</span> 
     </span>
    </p>
   </div>
   <div class='ocr_carea' id='block_1_3' title="bbox 0 0 1560 4852">
    <p class='ocr_par' dir='ltr' id='par_1_5' title="bbox 0 0 1560 4852">
     <span class='ocr_line' id='line_1_20' title="bbox 0 0 1560 4852; baseline 0 0"><span class='ocrx_word' id='word_1_152' title='bbox 0 0 1560 4852; x_wconf 95' lang='lat' dir='ltr'> </span> 
     </span>
    </p>
   </div>
  </div>
 </body>
</html>
