3109 4859
177 70 218 135 20
280 87 309 144 J.
328 85 502 150 Schneider,
525 85 700 141 Eratsebeid.
720 86 775 140 der
794 103 817 140 s.
838 85 949 156 Oonpr.
970 87 1093 159 lndnlp.
1112 105 1140 142 v.
1160 85 1206 142 16.
1228 89 1317 144 Mera
1336 85 1417 144 1881.

176 257 286 341 scripti
306 260 388 338 sunt,
411 258 526 343 singuli
545 258 644 323 denuo
666 257 794 323 inscribi
818 259 850 322 et
871 257 954 323 buno
976 259 1016 324 ad
1034 259 1178 324 effectum
1193 279 1226 326 se
1242 264 1417 344 praesentes

176 362 285 428 sistere
306 365 337 428 et
360 383 430 429 cum
453 362 557 446 populi
581 361 786 428 admiratione
810 381 931 428 rursum
955 363 1052 429 sacris
1073 364 1289 447 scapularibus
1310 366 1416 432 vestiri
1539 365 1541 396 ²

176 465 301 531 omnino
323 467 467 532 debeant.
533 504 535 510 ,
578 517 581 525 ,

175 640 177 645 .
278 580 307 646 4.
342 577 522 660 Quaeritur,
557 579 662 642 rutrum
698 576 802 643 dictus
833 577 986 660 parochus
1018 578 1059 646 N.
1093 579 1190 663 possit
1213 579 1415 665 subdelegato
1539 545 1541 577 Ι

176 683 311 767 aliquem
334 705 398 766 pro
428 704 548 765 seniper
577 701 698 747 omnem
724 699 829 746 auram
850 681 1140 748 confraternitatum
1164 684 1197 748 in
1220 703 1289 750 eum
1312 685 1416 750 devol-

174 787 282 866 vendo,
308 787 358 853 vel
380 787 572 853 solummodo
593 805 648 870 pro
670 785 798 869 speciali
821 789 918 851 casu?

278 900 368 983 Resp.
400 900 448 966 ad¹
467 901 492 966 1.
521 900 676 983 Negatire
706 898 813 982 juxta
829 900 987 964 decretum
1009 898 1071 964 diei
1094 900 1146 966 22.
1170 901 1307 984 Augusti
1332 902 1414 966 1842

173 1006 206 1068 in
229 1023 291 1069 una
311 1005 467 1083 duriensi,
491 1024 599 1087 nempe
620 1003 879 1087 Arcbiepiscopns
902 1002 980 1068 Aur.
1003 1001 1033 1069 S.
1060 1002 1102 1069 a:
1119 1004 1276 1086 proponit:
1303 1004 1414 1069 Utinm

178 1108 334 1173 Parocbus
357 1127 411 1174 seu
433 1109 611 1174 Moderator
634 1106 905 1173 Confratemitatis
928 1105 1081 1188 cujusvis,
1106 1108 1171 1172 sive
1193 1108 1334 1192 legitime
1356 1109 1416 1172 im-

175 1212 315 1295 peditus,
348 1213 412 1278 sire
447 1232 521 1293 non,
555 1213 653 1296 possit
685 1212 771 1276 licite
798 1212 832 1276 et
860 1211 962 1276 valide
984 1211 1043 1275 sibi
1068 1211 1225 1276 vicarium
1247 1213 1295 1277 rel
1313 1197 1414 1277 'alium
1469 1229 1472 1231 ’

174 1317 393 1402 Presbyterum
414 1327 626 1401 quemcunque
642 1317 843 1400 approbatum
857 1316 1024 1399 subrogare
1037 1316 1076 1380 ad
1089 1316 1296 1399 recipiendum
1308 1315 1415 1381 fideles

174 1421 431 1486 Confratemitati
463 1421 688 1488 adscribendos.
744 1421 773 1485 8.
807 1420 841 1487 (1.
876 1420 1034 1503 respondit
1071 1420 1262 1503 »Negatirer
1295 1420 1353 1484 nisi
1383 1422 1414 1483 in

173 1526 389 1591 commissione
403 1525 487 1590 iacta
503 1526 543 1590 ab
559 1526 691 1612 habente
707 1523 934 1588 auctoritatem·
944 1523 1117 1606 delegandi,
1135 1542 1274 1605 expresse
1289 1526 1415 1588 cautum

173 1630 231 1705 sit,
258 1631 294 1694 ut
317 1629 460 1694 vicarius
482 1629 531 1693 vel
555 1629 633 1693 alins
656 1629 822 1713 Presbyter
844 1627 1008 1711 subrogari
1030 1628 1135 1709 possit.

276 1743 315 1806 ad
336 1745 365 1806 2.
391 1742 551 1808 Provisum
574 1743 607 1805 in
630 1739 738 1824 primo.

269 1855 315 1919 ad
339 1856 368 1921 3.
394 1853 634 1939 supplicandum
657 1851 751 1918 SSmo
773 1873 827 1936 pro
850 1851 1017 1917 sanatione.
1149 1890 1158 1900 -

277 1967 315 2032 ad
337 1967 367 2032 4.
391 1965 552 2032 Provisum
573 1966 604 2030 in
627 1967 736 2049 prime.

559 2173 560 2176 ¹
680 2183 819 2250 Dnbinm
842 2183 912 2249 ΙΙΙ.

275 2351 360 2414 Num
383 2347 546 2426 Sacerdos,
580 2347 633 2428 qui
665 2345 761 2411 babet
794 2345 977 2410 facultatem
1009 2344 1186 2427 imponendi
1209 2348 1341 2428 quatuor
1364 2346 1411 2412 rel

171 2455 306 2538 quinque
325 2451 518 2534 scapularia,
553 2451 578 2514 si
601 2451 633 2514 in
656 2450 863 2515 instrumento
889 2467 947 2514 uon
969 2448 1051 2514 clare
1072 2448 1203 2524 dieitur,
1230 2467 1300 2512 curn
1324 2468 1411 2533 posse

172 2559 229 2623 boc
252 2559 352 2630 faeere
374 2557 431 2621 sub
454 2556 550 2621 anien
572 2555 794 2648 benedictionis
813 2555 920 2637 forna
939 2554 971 2618 et
985 2555 1081 2619 anna
1095 2554 1301 2634 impositione,
1318 2553 1410 2617 debet

171 2663 296 2745 singola
318 2660 492 2744 scapularia
515 2659 642 2725 seorsim
666 2661 697 2724 et
719 2659 897 2724 benedicere
920 2660 952 2724 et
974 2658 1155 2742 imponere?

274 2775 365 2856 Resp.
389 2771 635 2837 Transmittatur
658 2771 698 2836 ad
720 2771 751 2836 8.
775 2771 905 2836 Rituum
926 2769 1041 2852 (louge

537 3029 543 3040 .
680 2960 938 3054 baianen

271 3141 421 3208 Nonnulli
441 3142 583 3207 auctores
605 3141 752 3222 tradunt,
783 3161 837 3225 per
867 3141 1048 3208 exercitium
1074 3142 1148 3206 Viae
1171 3141 1279 3209 Crucis
1301 3141 1410 3208 fideles

168 3265 255 3330 posse
277 3246 391 3311 lucrari
415 3264 520 3311 omnes
550 3245 621 3318 illas
653 3245 889 3330 Indulgentiae,
922 3265 1001 3330 qnae
1027 3246 1170 3311 omnibus
1203 3246 1280 3312 loeis
1310 3247 1407 3312 sacris

167 3350 264 3416 totius
290 3351 405 3416 Terrae
426 3349 562 3418 Sanctae
584 3351 657 3414 sont
677 3368 858 3430 concessae,
891 3350 963 3430 alii,
994 3350 1076 3434 iique
1106 3349 1251 3434 plurimi,
1284 3349 1408 3430 docent,

166 3455 281 3520 lucrari
304 3473 354 3520 eos
373 3471 462 3537 posse
489 3451 680 3517 solummodo
708 3453 781 3518 illas
814 3453 1046 3538 indulgentias,
1079 3473 1159 3537 quae
1190 3453 1267 3519 Viae
1299 3455 1408 3520 Crucis

167 3561 400 3646 Hierosolymam
423 3558 566 3643 existenti
590 3575 753 3625 concessae
775 3560 873 3624 sunt?

270 3672 447 3755 Quaeritur,
469 3671 596 3755 quinam
616 3670 746 3736 doceant
767 3673 900 3737 rerum?

271 3785 360 3867 Resp.
391 3782 543 3848 Standum
573 3782 774 3870 declarationi
802 3783 911 3849 Brevis
941 3782 1104 3850 Benedicti
1126 3783 1216 3851 XIII.
1245 3783 1347 3849 editae
1369 3803 1407 3848 ex
1539 3746 1541 3845 ἷ

166 3889 313 3954 mandato
335 3885 505 3954 Clementis
527 3885 600 3950 XII.
621 3886 678 3951 sub
702 3886 751 3952 die
774 3889 805 3952 3.
827 3887 944 3970 Aprilis
968 3887 1050 3952 1731
1076 3887 1116 3952 ad
1139 3907 1223 3956 uum.
1246 3888 1276 3956 9.
1299 3886 1408 3971 (Priu-
1539 3879 1541 3932 ἱ

165 3991 270 4057 nivalli
292 4012 322 4075 p.
334 3989 391 4077 46)
418 4015 445 4058 r.
471 4045 477 4058 .
502 4044 509 4058 .
533 3990 605 4056 Non
624 3991 651 4055 si
673 3990 832 4074 pubblicbi
854 3991 908 4055 dai
929 3990 1043 4075 pulpiti
1065 3994 1104 4056 ne
1121 3991 1156 4057 in
1175 3991 1258 4058 altra
1272 3991 1406 4057 formae

164 4095 260 4161 molto
288 4112 378 4159 meno
408 4094 434 4160 si
460 4095 561 4161 sarira
585 4095 667 4159 nella
691 4094 885 4179 cappellette
903 4113 924 4160 o
945 4094 1083 4162 Staaioni
1105 4115 1146 4161 un
1171 4114 1298 4162 nurnero
1319 4096 1408 4161 certo

164 4217 181 4262 a
203 4197 408 4264 determinato
431 4198 513 4264 delle
533 4199 722 4283 Indulgenze
738 4200 795 4264 ebe
816 4199 842 4264 si
857 4199 1038 4283 acquistare
1056 4250 1064 4264 .
1082 4249 1088 4264 .
1106 4249 1114 4266 .
1130 4219 1147 4265 e
1161 4200 1264 4284 percio
1281 4199 1362 4265 besti
1375 4199 1403 4264 il

163 4302 229 4368 dire
251 4302 307 4368 che
330 4301 485 4386 cbiunque
509 4302 726 4386 s’impieghera
747 4323 766 4370 a
785 4303 935 4370 meditare
964 4304 997 4368 la
1024 4303 1163 4387 passione
1193 4303 1243 4369 dcl
1273 4303 1405 4388 Signore
1483 4337 1494 4349 ·

162 4406 195 4470 in
212 4407 320 4489 questo
341 4407 430 4473 santo
453 4407 614 4489 lisercizio,
639 4407 817 4491 acquistare
838 4427 892 4492 per
914 4407 1107 4475 eoncmsione
1123 4408 1173 4474 dei
1188 4406 1307 4474 Sommi
1322 4407 1407 4473 Pon-
