3109 4859
114 186 158 239 K.
176 184 210 237 IA-
224 185 343 251 Brutcn,
361 184 530 254 Auddsocrap
541 185 595 239 der
606 199 668 239 von
683 182 1181 254 Uuplduba'pcanhpcschlosseucu
1196 182 1266 235 Ehe.
1307 164 1370 227 387

21 356 23 363 ’
111 353 235 418 finden
257 361 347 438 mdge
357 353 393 438 ⁵).
442 354 498 417 alu
527 354 626 419 tribus
658 354 761 418 autem
793 353 915 417 casibus
941 351 1118 417 verificatur·
1138 342 1370 417 matrimonium
1430 414 1436 421 ,

20 496 22 499 -
111 457 303 521 infidelium
333 458 457 521 dissolvi
487 478 538 539 per
568 456 794 523 conversionem
826 458 916 521 unius
949 456 987 520 ad
1017 456 1120 520 fidem,
1165 455 1298 520 Primus.
1338 455 1371 521 Si

23 566 25 573 '
114 562 209 625 alter
233 560 426 634 discedatet
446 562 524 626 nolit
547 562 687 626 habitare
704 580 774 626 cum
790 560 925 625 fideliex
942 561 998 626 hoo
1017 560 1163 643 praecise,
1183 560 1255 643 quia
1270 559 1371 625 fidelis

20 706 22 711 -
114 666 233 730 factus
256 666 304 730 est
327 680 366 729 .¹.
392 714 399 729 .
424 664 582 730 Secundus
605 684 713 743 oasuS,
741 666 863 748 quaudo
897 664 1031 730 infidelis
1050 665 1083 728 in
1107 682 1163 728 sua
1185 662 1370 728 infidelitate

20 776 22 816 :
117 787 326 851 permanens,
357 770 497 852 quamvis
523 769 596 835 velit
618 789 687 834 cum
711 769 841 853 conjuge
862 768 1022 848 habitare,
1044 786 1104 833 non
1127 769 1233 832 autem
1254 767 1370 849 absque

118 872 245 955 injuria
268 873 424 950 creatoris,
447 873 538 952 idest,
563 874 677 956 ubsque
699 873 901 955 blasphemiis
923 875 955 936 in
978 871 1070 935 fidem
1088 870 1215 948 Christi,
1233 872 1282 935 vel
1298 889 1370 935 oon·

118 978 295 1043 temnendo
319 975 512 1060 Religionem
535 975 762 1054 Christianam,
794 979 826 1040 ct
857 976 956 1041 verbis
983 978 1039 1040 aut
1062 975 1153 1040 factis
1175 974 1262 1039 illam
1286 993 1370 1039 exse·

20 1130 23 1134 .
120 1080 267 1165 quondo,
297 1080 345 1144 vel
381 1098 473 1161 opera
506 1082 561 1143 ant
592 1080 800 1145 caeremonias
823 1080 988 1145 exercendo
1011 1078 1223 1156 infidelitatis,
1258 1078 1370 1161 quibus
1409 1139 1424 1153 N

20 1202 23 1241 1
122 1185 241 1268 conjux
275 1183 500 1250 scandalizetur·
531 1185 562 1247 et
592 1183 631 1247 ad
660 1183 878 1248 infidelitatem
900 1182 1075 1248 inducatur.
1121 1182 1245 1247 Tertius
1268 1200 1369 1261 casus,

20 1334 21 1345 η
123 1288 253 1373 quando
276 1289 350 1352 licet
373 1286 534 1370 conjugem
559 1285 608 1350 his
629 1286 728 1351 modis
752 1306 769 1351 a
797 1286 857 1351 fide
889 1288 1027 1351 avertere
1060 1305 1120 1349 non
1152 1288 1296 1364 conetur,
1329 1286 1369 1351 ad

123 1393 257 1477 aliquod
279 1393 384 1457 tumen
406 1391 566 1474 peccatum
588 1391 736 1469 mortale,
761 1390 961 1474 quodcunque
983 1389 1062 1454 illud
1084 1390 1139 1471 sit,
1163 1390 1304 1456 incitat,
1328 1442 1336 1457 .
1360 1440 1368 1455 .

19 1536 20 1539 =
123 1498 169 1561 ist
192 1496 273 1561 ratio
296 1494 454 1565 decidendi
480 1497 542 1571 est,
574 1495 647 1577 quia
670 1496 707 1559 in·
725 1494 773 1558 his
796 1495 918 1589 casibus
941 1513 1002 1559 non
1024 1494 1099 1559 licet
1120 1492 1205 1558 fideli
1228 1513 1298 1558 oum
1321 1494 1367 1557 in·

19 1640 20 1643 =
73 1654 78 1663 ,
123 1601 216 1667 fideli
235 1600 387 1665 habitare.
433 1598 520 1663 Alias
547 1618 605 1663 non
627 1601 752 1663 tenetur
774 1600 890 1682 absque
912 1618 969 1663 sua
991 1598 1083 1681 culpa
1104 1598 1200 1663 vitam
1222 1598 1368 1662 coelibem

125 1704 251 1780 ducere,
274 1703 347 1785 quia
366 1702 457 1766 nimis
479 1720 573 1786 grave
595 1703 676 1766 esset
696 1702 808 1787 jugum
829 1702 947 1767 Christi
968 1701 1101 1781 Domini,
1126 1702 1153 1766 si
1165 1720 1269 1767 omnes
1280 1720 1369 1766 suam

76 1850 81 1856 -
126 1808 225 1872 fidem
247 1807 469 1889 amplectentes
492 1804 531 1869 ad
555 1806 735 1889 castitatem
757 1806 988 1871 observandam.
1003 1805 1281 1889 adstringerentur,
1300 1803 1369 1887 ipso

126 1911 251 1976 dicente
274 1910 389 1975 Motth.
415 1911 464 1973 19.
497 1908 567 1974 Non
594 1929 699 1975 omnes
725 1910 853 1993 capiunt
874 1910 1001 1976 verbum
1024 1909 1119 1975 istud.
1166 1909 1247 1993 Ilrgo
1267 1909 1370 1992 potest

127 2014 240 2098 conjux
262 2014 361 2079 fidelis
384 2013 422 2078 ad
445 2013 524 2078 alias
544 2014 668 2097 nuptias
691 2015 841 2092 transire,
865 2016 985 2097 eritque
1000 2013 1126 2097 proinde
1147 2015 1279 2097 primurn
1302 2034 1369 2080 ma·

111 2118 309 2183 ¹trimonium
330 2118 545 2182 dissolutum«
1328 2168 1334 2187 ,

174 2270 178 2275 -
233 2223 294 2286 Zur
320 2222 637 2306 Verrollstandigung
659 2222 712 2287 der
733 2222 799 2287 hier
819 2221 1021 2305 dargelegten
1040 2222 1261 2300 Verhtltnisse,
1277 2227 1368 2288 unter

130 2326 264 2391 walchen
285 2326 340 2390 das
364 2325 526 2391 Gebahreu
548 2325 602 2390 des
625 2325 839 2410 ungitubigen
855 2324 972 2390 Gatten
994 2325 1053 2390 den
1065 2325 1233 2411 glaubigen
1248 2326 1366 2392 rudem

133 2429 319 2495 Absohlusse
342 2430 426 2494 einer
449 2446 546 2494 neuen
569 2430 635 2495 Ehe
659 2430 853 2513 berechtigt,
884 2430 993 2493 trihren
1017 2428 1071 2493 uir
1098 2429 1148 2494 die
1170 2430 1201 2493 in
1225 2430 1279 2495 der
1301 2432 1366 2495 bis·

131 2532 257 2617 herigen
280 2534 437 2598 Literatur
459 2534 535 2600 noch
560 2534 649 2599 nicht
667 2534 900 2617 mitgetheilten
915 2533 1078 2618 folgenden
1095 2534 1368 2619 llntsclreidungen

131 2636 184 2702 des
207 2636 344 2721 heiligen
367 2636 493 2703 Stuhles
517 2658 565 2703 an.
612 2639 680 2704 Am.
696 2638 725 2703 5.
751 2638 839 2703 Mars
865 2638 1137 2731 1816‚entschied
1166 2638 1218 2705 die
1247 2639 1365 2722 Propa-

132 2741 232 2826 ganda
254 2742 310 2806 auf
328 2742 377 2807 die
400 2742 538 2827 Antrage
561 2742 615 2807 des
637 2741 873 2825 Apostolischen
888 2743 1117 2808 Provicarsvon
1131 2743 1366 2810 West'l'onkin.

132 2848 161 2912 6.
197 2845 293 2911 »Cum
330 2846 459 2912 maritus
492 2846 640 2934 infidelis,
660 2866 732 2911 suae
759 2848 851 2913 ‘uxori
884 2848 948 2931 Jam
983 2840 1071 2913 sacri
1091 2848 1246 2932 Baptismi
1279 2849 1368 2932 aquis

132 2950 263 3029 tinctae,
300 2950 492 3035 Religionem
526 2951 649 3034 quidem
673 2970 794 3017 servaro
802 2951 987 3035 permittit,
1019 2970 1076 3017 nec
1111 2952 1228 3036 aliquid
1248 2954 1367 3036 peccati

133 3053 268 3119 mortalis
289 3055 460 3121 formaliter
477 3054 583 3138 jubet;
608 3057 641 3120 at
662 3055 751 3121 illam
769 3056 802 3119 in
817 3074 875 3120 usu
891 3055 1085 3120 matrimonii
1096 3056 1135 3121 ad
1146 3057 1246 3121 multa
1259 3059 1367 3141 gravia
1418 3132 1425 3143 ‚

133 3160 235 3223 contra
259 3158 454 3242 conjugalem
477 3159 692 3225 castimoniam
714 3159 790 3224 adeo
813 3158 987 3242 importune
1018 3160 1154 3242 pellicit,
1188 3162 1224 3224 ut
1255 3161 1367 3226 mulier

134 3280 247 3343 semper
276 3262 318 3326 sit
344 3262 375 3325 iu
399 3262 486 3346 gravi
510 3263 645 3347 periculo
666 3264 814 3347 peccandi
837 3263 1020 3330 mortaliter.
1065 3263 1232 3344 Quaeritur
1253 3266 1286 3330 in
1310 3266 1366 3332 hoc
1475 3303 1476 3306 =

135 3384 210 3441 casu,
234 3383 275 3428 an
296 3365 436 3448 praefata
455 3366 566 3431 ruulier
588 3367 683 3449 possit
707 3386 776 3431 eum
799 3367 970 3451 relinquere
993 3370 1025 3434 et
1047 3368 1088 3433 ad
1110 3369 1172 3434 alia
1193 3372 1265 3436 vota
1280 3374 1364 3436 tran·

134 3466 231 3531 sirei«
258 3516 264 3530 .
290 3520 296 3535 ,
322 3518 329 3533 .
354 3468 403 3533 hd
423 3471 453 3535 6.
478 3470 662 3535 »Mulierem
685 3490 863 3536 conversam
886 3489 974 3555 posse
997 3492 1015 3536 a
1038 3473 1103 3538 viro
1126 3474 1243 3540 infideli
1266 3476 1364 3541 disce·

135 3570 215 3649 ders,
246 3572 278 3635 et
306 3571 345 3636 ad
368 3572 430 3637 alia
453 3575 523 3639 rota
543 3576 691 3653 transire,
724 3576 756 3639 in
780 3595 851 3641 omn
874 3577 955 3659 qnod
976 3577 1029 3643 ille
1052 3597 1120 3645 eam
1144 3582 1303 3663 pertrahat
1325 3582 1364 3646 ad

136 3672 235 3757 gravia
258 3677 384 3756 peccata
406 3676 512 3741 contra
533 3677 727 3761 conjugalem
748 3679 963 3745 castimoniam
987 3681 1075 3766 (Cap.
1098 3685 1223 3766 Quanto
1244 3688 1277 3751 et
1298 3707 1363 3769 cap.
1415 3686 1423 3699 ’

139 3776 350 3845 »Condamus«
373 3780 544 3846 lnrrocentii
566 3782 624 3850 ΙΙΙ.
650 3783 695 3847 De
718 3782 949 3869 uirorumue

227 3883 328 3949 Uuter
350 3883 419 3948 dem
442 3884 492 3953 14.
511 3886 678 3952 December
704 3888 786 3952 1848
808 3890 991 3955 antuortete
1014 3891 1064 3956 die
1087 3891 1272 3985 Inquisition
1295 3894 1363 3960 dem

138 4026 307 4035 --·—..-.-.
324 4030 378 4035 ......

163 4166 165 4172 y
229 4091 256 4161 1)
277 4094 407 4166 Collepo't
432 4096 690 4153 Salmanticensts
715 4100 831 4155 Cursus
853 4102 1038 4172 Theolopioc
1056 4102 1197 4158 choralis.
1234 4104 1307 4159 Tom.
1326 4105 1363 4159 II.

138 4179 246 4235 venetiis
266 4180 340 4235 1728.
358 4198 421 4252 pag.
440 4183 481 4237 80.
518 4182 661 4239 Tractatus
679 4184 736 4248 IX,
755 4185 796 4239 De
814 4184 995 4241 Matrimonia.
1013 4188 1144 4243 Punctum
1164 4189 1200 4243 ΙΙ.
1221 4206 1246 4243 n.
1264 4192 1306 4246 37.

227 4264 255 4334 2)
276 4266 471 4324 Collectuncu
493 4267 730 4335 Constitutionurn,
760 4271 943 4339 Decretornm
965 4274 1135 4329 Indultornm
1156 4293 1186 4331 ac
1204 4277 1364 4331 Instructio-
1478 4267 1483 4277 ‘
1532 4323 1534 4380 p

138 4366 190 4405 nnn
209 4352 341 4409 Sanctae
361 4355 448 4409 Sedes
466 4354 500 4408 ad
519 4370 596 4408 usum
614 4356 803 4426 Operariornm
823 4360 1036 4429 Apostolicorum
1056 4362 1363 4417 Societatisllissiouum

138 4437 165 4493 ad
180 4438 288 4493 llrteros
308 4438 413 4493 Selecta
438 4442 465 4494 et
487 4438 586 4499 Ordine
604 4442 718 4513 Digesta
736 4444 808 4501 Cura
825 4447 1024 4502 moderatorum
1043 4450 1186 4505 Seminarii
1203 4450 1363 4506 Parisiensis

137 4522 253 4593 Ejusdem
270 4524 420 4581 societatis.
439 4525 550 4582 Parisiis
570 4529 644 4587 1880.
665 4531 732 4603 Png.
751 4533 897 4590 crs-418.
915 4534 963 4589 Nr.
982 4536 1040 4592 934.
