3109 4859
184 95 308 194 111111,
326 129 535 186 Interesauute
554 131 826 202 unrocuetdoopeu
844 134 901 188 der
918 140 997 189 rom.
1017 133 1294 207 Conpreputioueu.
1358 122 1398 185 15

259 306 290 372 5.
336 301 401 368 Das
420 301 613 370 Tautuasser
627 257 720 370 'muas
739 303 879 370 1111111111
900 303 944 370 irn
966 302 1065 371 Jahre
1087 305 1222 390 geueibt
1243 307 1374 376 werden.

625 450 733 551 Sancti
754 452 933 538 Hippolyti.
955 550 960 557 ο

261 571 323 636 Der
345 572 541 638 verstorbene
563 572 693 640 Bisohof
711 592 768 639 von
792 571 839 641 St.
862 573 1159 641 Poltenbericbtete
1177 575 1209 640 in
1225 576 1398 646 1111111111-

154 675 236 760 gabe
258 674 314 741 der
333 675 375 741 hl.
397 675 462 742 Rit.
486 675 732 762 congregation,
767 677 839 742 dass
870 678 902 743 in
932 677 1034 743 seiuer
1056 677 1184 744 Diocese
1207 679 1256 744 ein
1279 682 1398 746 uralter
1541 768 1542 775 ἵ

154 779 320 846 Gebraucb
345 781 398 860 sei,
421 780 476 846 das
500 781 696 847 Taulwasser
718 781 751 846 in
767 781 855 847 nicbt
870 782 1067 847 beudlkerten
1084 783 1242 848 Pfarreien
1259 804 1317 848 nur
1332 785 1397 851 ein·

153 887 218 950 mal
242 886 285 951 irn
308 885 406 952 Jabre
429 905 466 950 zu
489 885 616 954 ueiheu.
661 886 723 951 nor
745 885 795 950 die
818 885 1051 971 Beibehaltung
1072 886 1173 952 dieser
1195 887 1397 953 Geuobnbeit

152 988 289 1055 berielen
309 989 374 1055 siob
398 990 448 1056 die
469 990 645 1074 Seelsorger
667 991 744 1056 auch
769 992 822 1056 aul
842 990 897 1057 das
919 991 1046 1057 Rituale
1068 992 1258 1072 Romanum,
1291 1012 1334 1058 wo
1363 1012 1396 1057 es

153 1093 270 1159 heisst:
294 1095 384 1178 Aqua
407 1114 478 1161 vero
500 1095 645 1160 solemnis
668 1095 815 1180 baptismi
836 1095 879 1160 sit
892 1115 928 1161 eo
944 1115 1022 1162 anuo
1041 1095 1204 1162 benedicta
1218 1097 1250 1160 in
1266 1095 1396 1162 sabbato

152 1197 262 1262 sancto
285 1197 448 1263 Paschatis
471 1198 520 1264 oet
544 1197 683 1264 sabbato
697 1199 904 1267 Pentecostes.
949 1199 1009 1264 Um
1032 1219 1069 1265 zu
1091 1200 1217 1279 nissen,
1247 1200 1286 1265 ob
1313 1199 1396 1264 diosc

12 1351 13 1360 ,
153 1297 236 1364 Sitte
262 1301 341 1366 anob
363 1299 518 1366 ternerhiu
541 1300 778 1368 beizubehalten
803 1309 891 1382 ware,
915 1302 1020 1387 fragte
1038 1302 1093 1368 der
1117 1304 1258 1369 Biscbot:
1284 1303 1395 1369 Utrum

153 1405 344 1470 consuetudo
366 1406 486 1471 isthaec
509 1407 636 1471 tolerari
659 1407 754 1489 queat
774 1405 973 1470 benedicendi
996 1425 1109 1490 aquam
1123 1407 1342 1490 baptismalem
1364 1407 1396 1471 in

153 1506 224 1574 istis
254 1508 406 1593 parochiis
440 1510 592 1576 duntaxat
622 1509 720 1576 semol
742 1528 796 1594 per
819 1529 944 1590 annum,
968 1509 1098 1578 sabbato
1120 1510 1267 1576 videlicet
1288 1512 1395 1577 sancto

154 1613 343 1680 Paschatis?
1276 1591 1296 1616 ³

258 1719 300 1784 nt
322 1737 346 1784 s.
370 1717 595 1804 Congregatio,
619 1737 652 1782 re
674 1718 797 1783 mature
820 1736 986 1802 perpensa,
1007 1719 1098 1803 juxta
1119 1719 1182 1785 alia
1203 1719 1335 1785 Decreta
1359 1739 1395 1785 ac

153 1823 336 1906 praesertim
369 1823 401 1888 in
435 1841 498 1888 una
529 1822 655 1887 Lucana
685 1820 747 1887 diei
781 1823 830 1890 12.
853 1820 972 1906 Aprilis
995 1823 1079 1889 1755
1102 1825 1134 1890 11
1155 1823 1188 1889 11
1209 1841 1270 1889 una
1293 1822 1393 1889 Urbe-

154 1929 267 1994 vetana
290 1926 352 1991 diei
375 1925 404 1992 7.
430 1924 609 1991 Decembris
633 1925 716 1990 1844
740 1924 969 1990 rescribendum
992 1925 1129 1991 consuit:
1163 1927 1284 2010 Aquam
1318 1927 1396 2010 bap-

153 2031 311 2096 tismalem
342 2031 374 2095 in
407 2029 559 2114 parochiis
592 2047 659 2093 esse
692 2026 932 2093 benedicendam
964 2028 999 2093 iu
1028 2029 1174 2096 sabbatis
1203 2029 1346 2097 Poscbce
1367 2038 1396 2097 et

153 2133 361 2212 Pentecostcs,
393 2153 459 2199 nou
490 2127 629 2198 obstante
657 2151 840 2214 quaecuuque
863 2134 1023 2199 contrariu
1045 2135 1281 2214 cousuetudine,
1317 2155 1395 2220 qnae

153 2237 278 2303 omnino
300 2237 452 2303 eliminari
475 2236 578 2303 debet.
626 2236 634 2275 -’

258 2349 289 2418 a.
310 2348 421 2435 cong.
444 2348 581 2416 1111111
610 2319 660 2415 re.
679 2347 803 2432 npcns
827 2348 911 2414 1111
924 2351 956 2431 1).

257 2546 288 2605 6.
331 2539 434 2605 Wenn
459 2539 513 2604 der
535 2537 581 2604 hl.
601 2537 695 2606 Stuhl
719 2557 771 2602 um
794 2537 845 2603 ein
868 2539 978 2603 Altare
1000 2538 1234 2624 privilegiatum
1255 2542 1305 2607 fuir
1328 2543 1395 2607 eine

153 2643 269 2709 Kirche
292 2662 493 2729 angegangen
517 2643 609 2723 wind,
640 2661 673 2707 so
708 2661 792 2708 muss
815 2643 869 2708 der
889 2643 1077 2737 betreffcnde
1101 2644 1191 2709 Altar
1214 2645 1263 2710 eiu
1286 2645 1395 2710 Altare

153 2748 258 2830 finum,
283 2747 370 2814 nicbt
391 2746 537 2832 portatile
560 2747 636 2814 sein.
1025 2751 1037 2772 ⁸

661 2903 884 2970 Vrctistooieu.

257 3025 282 3091 l.
328 3027 376 3090 An
397 3023 616 3109 Indulgentiae
637 3023 747 3090 altaris
762 3022 952 3108 privilegiati
968 3023 1091 3089 adnecti
1107 3023 1226 3106 possint
1240 3024 1392 3090 altaribus

153 3129 378 3214 portatilibus?

255 3240 287 3310 S.
311 3239 407 3324 Oong.
429 3239 554 3324 Indulg.
578 3239 628 3313 die
650 3241 702 3306 27.
727 3239 902 3307 November
925 3238 1010 3303 1764
1028 3239 1194 3324 respondit
1220 3239 1260 3304 ad
1282 3240 1307 3306 1.
1329 3240 1393 3306 Ne·

153 3345 276 3430 gotium
299 3363 432 3428 namque
454 3362 490 3410 ex
511 3344 586 3428 ipsis
602 3343 742 3409 terminis
758 3342 971 3422 concessionis,
994 3361 1057 3427 qna
1067 3342 1217 3408 tribuitur
1230 3342 1391 3410 Ordinatio

150 3449 295 3528 facultas,
318 3447 502 3534 designandi
524 3447 619 3515 semel
641 3465 738 3514 unum
760 3447 885 3513 tanturn
908 3447 1018 3528 altare,
1039 3447 1117 3529 satis
1135 3447 1287 3528 innuitur,
1311 3449 1392 3532 quod

12 3625 14 3654 ξ
150 3554 270 3622 dictum
291 3555 393 3622 attare
414 3553 501 3620 debet
523 3573 588 3620 esse
606 3552 709 3636 picum
732 3571 770 3618 oo
792 3551 913 3619 statute.

675 3707 868 3776 Mecbtiuen.

255 3832 335 3902 Dub.
359 3831 419 3900 ΙΙΙ.
463 3831 639 3916 Quaeritur,
661 3829 690 3896 si
710 3850 729 3896 a
751 3850 776 3898 s.
798 3829 878 3896 Sede
900 3829 1062 3923 Indultnm
1081 3827 1178 3895 locale
1192 3827 1312 3895 Altaris
1327 3829 1390 3912 pri-

149 3935 293 4022 vilegiati
314 3936 510 4016 conceditur,
541 3955 639 4020 neque
666 3935 731 4001 ullu
752 3937 837 4001 tacta
859 3934 901 4000 sit
924 3933 1040 4001 mentio
1063 3934 1173 3998 nec‘in
1196 3931 1329 4016 supplici
1351 3932 1389 3998 li·

149 4039 248 4119 bello,
276 4059 331 4105 nec
353 4040 385 4106 in
408 4039 554 4124 rescripto
575 4039 612 4104 de
634 4038 786 4123 qualitate
817 4037 943 4117 altaria,
978 4039 1060 4104 sitne
1082 4036 1176 4102 finum
1199 4035 1320 4101 scilicet
1342 4036 1390 4102 vel

148 4142 304 4226 portatile,
327 4162 366 4209 an
389 4142 489 4211 altare
511 4139 628 4209 censeri
643 4141 741 4228 possit
755 4142 998 4228 privilegiatum,
1021 4139 1143 4206 etiamsi
1163 4139 1206 4205 sit
1219 4139 1390 4225 portatile?

252 4253 283 4321 S.
308 4255 403 4342 Oong.
425 4255 550 4342 Indulg.
573 4255 623 4322 die
646 4255 696 4324 15.
717 4255 896 4322 Decembris
920 4255 1001 4320 1841
1026 4253 1200 4340 respondit:
1223 4252 1389 4337 Negative,

251 4463 280 4554 r)
298 4483 368 4540 neca
387 4484 413 4539 a.
432 4483 518 4550 1111,
536 4481 678 4558 111111.
697 4483 821 4553 11115.
841 4434 843 4439 ’
