3109 4859
329 31 351 67 aa

467 93 578 149 Status.
600 90 699 164 Cupit.
717 96 807 148 metr.
827 90 962 150 Otomccc
983 106 1048 165 cap.
1067 88 1095 149 9.
1344 76 1403 143 161

267 256 382 347 Quodsi
406 269 511 333 autern
534 268 572 332 ob
595 263 754 333 sinistram
772 267 980 333 ualetudinem
992 267 1124 338 actalia
1135 267 1218 334 haud
1230 269 1406 352 superanda

77 399 82 415 ·
151 369 394 453 impedimenta,
418 372 448 434 id
471 373 503 438 in
525 391 653 454 persons
670 371 808 437 obtinere
823 391 883 436 uon
898 375 1011 454 posset,
1029 371 1223 437 Procuratori
1237 373 1404 451 incumbet,

162 474 194 538 id
217 475 317 540 insui
342 465 438 540 vicem
461 475 562 540 facore
585 476 701 560 hocque
724 477 754 542 iu
779 495 852 540 casu
876 475 915 540 ad
932 476 1136 542 residentiam
1153 477 1306 541 admissus
1322 479 1405 542 tem-

161 596 256 660 quam
279 597 297 642 a
320 579 487 644 residentia
509 579 652 663 legitime
674 582 838 645 excusatus
857 579 1036 657 censendus,
1059 579 1092 644 et
1102 599 1158 663 per
1170 581 1404 644 Procuratorem

163 682 201 746 ad
224 683 424 748 residentiam
446 683 663 748 investiendus
680 683 749 778 erit.

250 787 294 870 ὅ.
319 787 349 862 9,
394 787 442 851 Ad
464 787 664 852 residentiam
693 805 762 851 cum
786 805 934 852 consensu
954 787 1041 870 regio
1063 786 1217 851 admissus
1240 788 1405 856 canonicus

164 891 386 970 domicellaris,
410 892 493 958 intra
514 911 583 958 mor
598 892 706 996 ¹dictas
728 911 780 956 ser
803 891 991 975 septimanas
1015 892 1255 975 assignationem
1280 893 1402 957 aedium

164 996 385 1060 canonicalium
406 1016 459 1061 seu
482 995 525 1061 sic
549 997 649 1062 dictae
672 996 858 1060 residentiae
882 995 1075 1074 canonicalis,
1104 1016 1123 1060 a
1145 994 1231 1062 fideli
1260 996 1403 1080 Capitulo
1478 1067 1485 1081 .

163 1103 218 1164 aut
238 1099 312 1183 ipse,
338 1100 392 1165 aut
411 1119 464 1182 per
487 1101 722 1165 Procuratorem
742 1102 909 1183 impetrans
932 1100 1034 1178 debet,
1058 1104 1090 1164 et
1114 1101 1197 1165 adia
1211 1099 1244 1164 in
1260 1096 1403 1183 Capitulo

162 1205 306 1286 praestiti
327 1205 498 1287 juramenti
522 1205 616 1284 soliti,
640 1204 764 1288 oplandi
787 1206 820 1268 et
842 1205 960 1268 fructus
982 1223 1103 1286 grossos
1118 1223 1153 1269 ex
1169 1203 1318 1270 divisione
1333 1224 1417 1287 pro·.

163 1310 309 1372 veutuum
335 1311 559 1387 communium,
579 1309 668 1373 ‘sicut
687 1309 719 1372 et
742 1327 777 1372 61
799 1301 924 1391 parata,
948 1307 1094 1392 reliquali
1118 1311 1150 1374 ct
1172 1308 1243 1374 alba
1266 1310 1403 1391 portione

161 1411 368 1494 participandi
389 1413 458 1496 jure
482 1413 598 1496 gaudet
617 1431 671 1496 pro
690 1412 906 1496 accidenteque
927 1413 1068 1477 babetur.

66 1501 78 1522 “
265 1514 293 1598 ἕ.
320 1516 370 1580 lo.
416 1516 635 1596 duramentum
657 1515 857 1582 residentiam
886 1516 1032 1580 intrantis
1066 1515 1213 1582 Canonici
1242 1518 1306 1580 est:
1338 1515 1403 1599 Ego

161 1619 201 1686 N.
215 1619 264 1687 1Ν.
290 1619 461 1685 Canonious
483 1619 671 1704 Capitularis
694 1639 787 1704 penes
810 1621 890 1686 hauc
913 1621 1026 1685 almam
1049 1619 1217 1684 Ecclesiam
1245 1619 1403 1703 Metropo-

161 1722 301 1802 litanum,
325 1724 392 1807 juro
414 1743 468 1808 per
491 1725 591 1790 Deum
615 1725 858 1808 omnipotentem
880 1727 913 1790 et
934 1725 1078 1808 spondeo,
1102 1742 1151 1788 me
1174 1742 1198 1790 s.
1224 1723 1320 1788 Matri
1344 1724 1402 1787 lle·

161 1827 272 1892 6161116
291 1827 463 1893 catholicae
487 1831 578 1912 atque
598 1828 775 1912 specialiter
797 1829 907 1894 Rssmo
931 1844 967 1892 ac
991 1827 1168 1894 Celsissimo
1186 1827 1322 1911 Principi
1338 1829 1398 1892 Ar·

161 1931 353 2015 chiepiscopo
385 1931 579 1998 Olomuoensi
615 1935 646 1998 et
681 1933 853 2016 cuicunque
879 1934 946 2016 ejus
968 1933 1112 2016 legitimo
1132 1933 1307 1997 Successori
1329 1934 1402 1996 obe·

161 2036 296 2100 dientem
320 2037 351 2101 et
367 2036 493 2112 fidelem
515 2036 588 2115 fore,
614 2029 705 2101 voveo
728 2036 804 2102 item
829 2037 915 2102 vobis
931 2036 1063 2102 Domino
1082 2037 1205 2102 Decauo
1221 2055 1297 2114 eam,
1322 2039 1420 2118 quae'

162 2139 314 2206 Canonico
333 2140 489 2228 incumbit
521 2141 745 2218 obedientiam,
781 2141 922 2206 Dominis
954 2139 1108 2205 Praelatis
1136 2140 1339 2207 reverentiam
1369 2142 1401 2205 et

161 2243 302 2308 Dominis
333 2245 496 2310 Canonicis
534 2245 748 2312 Confratribus
786 2245 863 2310 meis
902 2243 1042 2310 debitum
1079 2245 1239 2324 bonorem,
1278 2245 1427 2335 legibus·

160 2347 314 2414 canonicis
336 2352 369 2414 et
390 2350 502 2415 summi
524 2351 626 2415 terrae
649 2348 787 2433 Principi
813 2351 907 2432 atque
930 2349 1175 2432 ordinationibus
1194 2352 1226 2414 et
1248 2349 1401 2414 constitu·

159 2453 293 2517 tionibus
316 2453 503 2518 dioecesanis
526 2453 753 2535 obtemperabo,
774 2453 806 2516 iu
822 2452 1001 2516 muneribus
1015 2452 1095 2517 mihi
1107 2453 1145 2515 ab
1160 2453 1398 2536 archiepiscopo

158 2556 206 2620 vel
227 2554 375 2640 Capitulo
398 2555 528 2635 delatis,
560 2556 742 2640 pracsertim
766 2575 836 2621 voro
858 2556 900 2627 iu,
913 2554 1057 2620 Consiliis
1080 2555 1260 2622 0111111111
1283 2555 1398 2622 6101-

157 2658 249 2742 pituli
272 2659 404 2744 diligens
434 2663 578 2734 conatum
614 2661 794 2743 possibilem
827 2659 1039 2725 satisfaciendi
1074 2659 1243 2737 adhibebo,
1276 2661 1399 2725 statuta

158 2764 294 2848 Capituli
328 2767 360 2830 et
395 2764 630 2830 consuetudines
664 2765 702 2830 ab
731 2764 902 2830 Oudinariis
925 2765 1110 2848 approbatas
1132 2765 1183 2830 vel
1205 2765 1236 2829 11
1259 2764 1398 2829 laturum

157 2867 370 2952 approbandas
404 2888 458 2952 pro
489 2867 606 2934 viribus
637 2869 714 2933 meis
748 2867 939 2933 conservatio
970 2869 1002 2932 et
1025 2871 1144 2933 secreta
1166 2867 1395 2951 Archispiscopi

157 2971 354 3056 ejusdemque
378 2971 558 3039 Consistorii
588 2971 669 3036 sicut
698 2973 793 3036 etiam
825 2971 961 3055 Capituli
993 2971 1108 3037 nemini
1140 2971 1293 3055 pandam,
1326 2972 1398 3054 jura

158 3074 288 3159 denique
306 3075 483 3152 1116111116,
514 3075 804 3159 archiepiscopatus
828 3077 860 3140 st
881 3075 1018 3159 Capituli
1041 3093 1160 3158 semper
1181 3076 1301 3141 tuebor.
1330 3073 1398 3140 -Sic

158 3196 206 3242 me
242 3177 324 3242 Deus
359 3178 486 3261 adjuvet
518 3179 756 3263 intercessioque
790 3179 989 3244 beatissimae
1023 3178 1161 3263 Virginis
1194 3179 1344 3262 Deiparac
1366 3180 1398 3244 et

157 3281 293 3347 omnium
317 3281 509 3359 Sanctorum,
533 3285 626 3365 atque
650 3282 725 3348 haec
748 3284 857 3348 sancta
879 3284 938 3347 Dci
959 3283 1138 3366 Evangelia.
1236 3305 1240 3315 ⁴

261 3387 287 3470 1.
313 3388 363 3451 11.
408 3385 575 3470 Obligatur
601 3388 725 3452 tandem
750 3386 929 3470 Capitulum
953 3378 1034 3452 diem
1058 3387 1319 3452 aNeoresidsntc
1338 3389 1396 3453 db-

158 3493 263 3555 tentae
285 3491 502 3570 investiturae,
528 3492 642 3573 utpote·
657 3511 718 3576 qua
739 3491 790 3555 die
808 3491 879 3574 jure
898 3491 931 3555 11
949 3509 1015 3556 rem
1035 3491 1134 3576 ipsam
1158 3492 1293 3574 potitur,
1317 3490 1397 3556 -Cel-
1445 3559 1448 3563 ,

157 3594 277 3659 sissimo
308 3595 444 3678 Principi
471 3596 503 3659 et
534 3593 770 3679 Archiepiscopo
802 3595 957 3660 insinuare
980 3594 1160 3679 copiamque
1183 3594 1324 3679 praestiti
1344 3594 1397 3678 ju·

156 3699 288 3762 sementi
308 3718 361 3782 per
380 3699 763 3783 Notariumcapitulurem
786 3699 968 3787 vidimatam
996 3696 1199 3764 imiuuationi
1221 3701 1395 3763 adnectere.

628 3794 633 3816 1

495 3870 531 3938 0.
574 3870 625 3936 Dc
646 3825 791 3938 electione
814 3871 1070 3940 Carconc‘corunr.¹

259 4009 287 4092 ᾗ.
314 4009 341 4072 1.
387 4009 423 4072 11
456 4008 679 4092 provisionibus
713 4009 971 4089 Canonicatuum,
1007 4011 1143 4075 alternat
1175 4009 1207 4074 iu
1237 4009 1395 4074 mensibus

155 4109 373 4178 Sereuissimus
396 4113 563 4178 Bohemiae
582 4113 647 4178 Rex
668 4120 699 4178 et
719 4114 877 4179 Moraviao
902 4113 1047 4179 Marchio'
1063 4131 1133 4180 cum
1154 4112 1319 4195 Cupitum,
1349 4113 1396 4178 ita

154 4219 199 4294 ut,
220 4215 399 4295 lanuarius,
421 4216 564 4296 Martius,
590 4216 703 4299 Majus,
731 4207 846 4297 Julius,
866 4217 1056 4301 September,
1073 4216 1256 4296 November,
1274 4235 1394 4283 meuses

152 4321 249 4405 regii3
282 4320 482 4399 Februarius,
516 4320 652 4403 Aprilis,
682 4320 1394 4406 111116,1111111101111611161611161,

154 4443 274 4491 menses
297 4423 484 4508 capitulares
506 4428 729 4508 nuncupentur.
759 4426 1395 4509 116111111111161116601161111116

182 4527 276 4574 Archiv
292 4527 330 4574 fiir
346 4527 533 4575 Kircheurecht.
548 4527 636 4577 XLVI.
1250 4533 1288 4595 11
