3109 4859
167 62 231 137 218
580 86 677 159 Koba,
696 87 755 151 Die
773 88 1001 167 Wcibbiacbbfe.

166 262 277 327 rochus
299 263 331 327 et
354 264 496 329 Deoauus
518 264 659 347 plurimis
682 267 770 331 annis
790 266 943 347 addictus,
967 268 1162 342 olomucensi
1178 270 1210 334 in
1226 270 1411 355 Metropoli·

165 367 240 430 tana
263 365 409 433 Canonici
432 386 451 432 a
473 368 587 446 latere,
619 370 792 453 Praepositi
819 371 949 437 Parecbi
973 372 1005 444 et
1027 371 1165 456 (lapituli
1188 373 1409 440 Archidiaconi

164 468 342 535 muneribus
360 470 539 554 perfunctus
564 490 613 549 es,
649 457 805 568 Ejusdem¹
829 473 965 558 Capituli
992 475 1134 542 Decanus
1155 478 1353 543 renuntiatus
1375 481 1409 543 et

163 572 245 639 inter
264 575 426 645 Praesules
450 575 581 641 Nostros
604 576 789 643 domesticos
810 578 957 660 adscitus,
982 580 1095 664 quique
1110 581 1203 647 fidem
1220 582 1408 648 catholicam

160 676 250 761 juxta
274 678 421 745 articulos
437 678 504 764 jam
529 678 648 762 pridem
676 700 694 746 a
725 680 802 747 Sede
836 682 1015 765 Apostolioa
1046 685 1234 768 propositos,
1266 705 1407 770 expresse

162 782 316 864 protessus
340 801 387 862 es,
419 801 455 847 ao
486 782 524 847 de
554 783 642 867 cujus
667 785 830 850 nobilitate
853 786 993 870 generis,
1020 787 1178 867 doctrina,
1210 789 1292 854 vitae
1314 808 1407 853 mun-

163 886 247 967 ditie,
271 887 433 952 honestate
455 904 586 966 mamm,
609 886 818 970 spiritualium
842 889 1034 972 providentia
1053 894 1086 957 et
1105 891 1321 975 temporalium
1345 892 1407 956 cir-

161 990 389 1074 cumspectione
411 990 541 1074 aliisque
565 992 774 1075 multiplicum
798 993 949 1058 virtutum
973 993 1079 1073 donis,
1096 995 1218 1079 quibus
1242 1015 1408 1079 personam

161 1098 255 1159 tuam·
270 1095 396 1160 illarum
419 1094 551 1178 largitor
573 1095 744 1160 altissimus
765 1078 985 1180 'multipliciter
1005 1098 1186 1183 insignivit,
1216 1100 1277 1164 lide
1308 1100 1407 1186 digna
1539 1155 1540 1158 ,

161 1197 243 1281 apud
264 1198 329 1263 Nos
349 1196 530 1263 testimonia
552 1200 772 1282 perhibentur,
803 1200 971 1265 direximus
998 1202 1101 1267 oculos
1122 1203 1237 1268 mentis
1260 1203 1406 1271 Nostrae.

159 1301 278 1384 Quibus
300 1302 442 1367 omuibus
464 1302 571 1369 debita
594 1304 796 1369 meditatione
817 1304 970 1386 parisatis,
1002 1306 1079 1374 tosa
1101 1305 1260 1388 quibusvis
1283 1326 1406 1373 excom·
1539 1315 1540 1358 ἲ

160 1406 385 1483 munioatiouis,
406 1406 612 1489 suspensionis
628 1408 660 1471 et
676 1407 834 1472 interdicti
851 1406 983 1492 aliisque
997 1408 1216 1474 ecclesiasticis
1228 1411 1403 1490 sententiis,

159 1510 295 1575 censuris
318 1512 350 1575 et
371 1510 477 1594 poenis
500 1511 606 1593 ajuro
628 1511 677 1575 vel
701 1511 739 1575 ab
761 1511 900 1588 homine,
935 1511 1044 1593 quavis
1073 1512 1232 1578 occasione
1254 1516 1286 1579 et
1308 1533 1404 1579 cansa

158 1615 242 1692 latis,
265 1614 425 1698 siquibus
445 1613 677 1698 quomodolibet
698 1614 864 1679 innodatus
886 1613 1066 1692 existis-ad
1090 1615 1233 1681 effectum
1257 1636 1405 1700 praeseu-
1539 1608 1541 1618 ’

157 1718 237 1784 tium
261 1720 384 1785 tantum
405 1718 670 1802 consequendum,
705 1720 815 1783 barum
846 1720 925 1785 serie
952 1719 1147 1785 absolventes
1168 1721 1201 1785 et
1223 1720 1402 1786 absolutum

132 1824 222 1893 lore
246 1823 420 1898 censentes,
455 1821 610 1886 Ecclesiae
644 1820 887 1886 Germanioiensi
922 1822 1080 1905 praelatae
1111 1823 1149 1887 de
1181 1843 1311 1906 persona
1344 1829 1403 1890 tua

158 1926 254 1991 Nobis
278 1928 310 1989 et
329 1924 444 1989 eisdem
467 1924 628 1989 Fratribus
652 1924 775 1989 Nostris
799 1926 837 1990 ob
859 1926 985 1991 tuorum
1008 1925 1198 2010 exigentiam
1217 1928 1399 1993 meritorum

158 2032 293 2113 accepta,
317 2028 354 2093 de
377 2030 523 2093 Fratrum
546 2028 722 2093 eorumdem
745 2030 882 2108 oonsilio,
905 2029 1084 2112 apostolica
1108 2030 1306 2096 Arrotoritate
1328 2050 1401 2113 pro-

157 2132 311 2207 videmus,
342 2133 435 2214 teque
464 2130 513 2194 illi
543 2133 574 2194 in
598 2131 782 2214 Episcopum
805 2132 999 2215 praeficimus
1021 2134 1054 2197 et
1076 2132 1251 2211 Pastorem,
1282 2152 1401 2213 curam,

157 2235 296 2320 regimen
320 2236 352 2300 et
373 2234 674 2301 administrationem
705 2235 799 2318 hujus
826 2235 973 2300 ecclesiae
992 2236 1052 2299 tibi
1074 2236 1105 2299 in
1129 2236 1344 2319 spiritualibus
1366 2240 1402 2301 et

154 2339 377 2421 temporalibus
399 2338 535 2422 plenarie
559 2327 798 2419 committendo,
832 2340 871 2404 ad
903 2339 980 2416 lroo,
1013 2342 1050 2405 ut
1077 2339 1251 2405 Venerabili
1278 2358 1401 2423 quoque

155 2444 260 2508 Fratri
277 2443 402 2521 Nostro,
426 2442 591 2521 Friderico,
615 2443 713 2508 Tituli
736 2442 843 2509 Sancti
865 2442 1067 2527 Chrysogoni,
1091 2441 1222 2508 Sanctae
1237 2444 1398 2509 Romanae

156 2548 310 2613 Fcolesiao
337 2548 518 2631 Presbytero
540 2546 699 2612 Cardiuali
725 2546 762 2612 de
794 2546 1022 2630 Firrstenberg,
1053 2546 1292 2630 Archiepiscopo
1321 2547 1398 2639 Olo-

153 2652 299 2729 mucensi,
320 2651 353 2715 in
377 2650 612 2715 Pontilicalibus
635 2652 810 2716 exercendis
833 2651 964 2735 aliisque
987 2651 1200 2717 Pastoralibus
1215 2651 1398 2717 muneribus

153 2756 320 2833 obeundis,
355 2754 387 2818 iu
420 2753 555 2819 Civitate
589 2756 620 2817 et
652 2753 883 2821 Archidioecesi
906 2755 1102 2821 Olomuuensi
1125 2754 1305 2840 adjumento
1326 2774 1394 2820 esse

153 2860 260 2942 possis,
283 2859 329 2923 ita
348 2859 464 2934 tamen,
487 2859 524 2922 ut
547 2857 584 2922 de
608 2876 755 2923 consensu
779 2861 902 2925 tantum
925 2861 958 2924 et
980 2859 1108 2925 licentia
1130 2859 1262 2942 praelati
1284 2858 1393 2923 Fride·

152 2963 223 3040 rici,
256 2952 504 3046 Arcbiepiscopi,
539 2962 734 3026 Pontifiealia
764 2962 867 3027 oilieia
901 2981 1040 3028 exercere
1063 2964 1095 3028 et
1115 2962 1177 3027 alia
1192 2962 1396 3045 Fpiscopalia

153 3066 259 3130 munia
287 3065 370 3130 obire
393 3066 506 3148 possis,
543 3066 629 3149 juxta
662 3054 828 3131 Deoretum
862 3065 993 3132 Sanctae
1024 3065 1281 3150 Congregatiouis
1315 3065 1396 3130 Cou-

151 3169 315 3234 sistorialis
338 3188 357 3234 a
381 3169 478 3233 Nobis
502 3169 716 3252 approbatum,
741 3170 919 3251 Apostolica
941 3170 1149 3248 Auctoritate,
1176 3172 1282 3235 tenore
1304 3188 1394 3252 prae-

40 3303 43 3307 *
152 3273 304 3347 sentium,
338 3272 555 3337 constituimus
587 3274 618 3337 et
651 3271 835 3355 deputamus
868 3273 901 3337 in
934 3272 1011 3350 lllo,
1045 3272 1099 3355 qui
1128 3272 1186 3337 dat
1219 3272 1338 3356 gratias
1361 3278 1394 3337 et

152 3394 280 3439 munera
308 3375 458 3457 largitur,
496 3374 699 3455 confidentes
730 3376 816 3460 'quod
850 3376 1004 3461 dirigente
1038 3378 1170 3442 Domino
1200 3377 1289 3441 actus
1311 3378 1393 3453 tuos,

150 3480 291 3564 praefata
313 3480 442 3544 ecelesia
464 3479 724 3545 Germaniciensis
747 3482 804 3546 sub
826 3483 882 3546 tuo
903 3481 989 3546 felici
1011 3482 1160 3565 gubernio
1183 3482 1309 3564 rogetur
1328 3480 1394 3545 nti-

150 3584 223 3648 liter
245 3586 276 3647 et
299 3600 441 3667 prospere
465 3582 626 3666 dirigetur,
652 3602 688 3647 ao
711 3585 804 3665 grata
825 3584 858 3647 iu
884 3582 998 3648 eisdem
1022 3583 1237 3667 spirituahbus
1256 3587 1289 3648 et
1307 3584 1390 3647 tem-

149 3686 305 3770 poralibus
328 3686 475 3769 suscipiet
495 3687 695 3753 incrementa.
729 3686 850 3769 Jugum
873 3686 971 3771 igitur
989 3685 1112 3752 Domini
1130 3687 1194 3751 tuis
1211 3685 1393 3768 impositum

148 3790 284 3855 humeris
302 3791 444 3873 prompta
475 3789 635 3855 devotione
668 3788 854 3871 suscipiens,
887 3809 993 3855 curam
1027 3792 1060 3855 et
1088 3789 1390 3854 administrationem

148 3894 305 3976 praelatas
328 3889 373 3957 sic
396 3912 534 3958 exercere
557 3893 683 3958 studeas
707 3892 858 3972 sollicite,
884 3893 1019 3959 fideliter
1041 3912 1077 3958 ao
1096 3892 1278 3977 prudenter,
1307 3892 1391 3973 quod

149 3997 277 4062 ecclesia
304 3998 373 4080 ipsa
399 3996 658 4062 Germaniciensis
677 3997 881 4081 ¹gubernatori
903 3992 1084 4080 provido'et
1107 3997 1264 4062 fructuoso
1286 3995 1389 4059 admi-

148 4099 308 4165 nistratori
327 4100 465 4182 gaudeat
486 4118 517 4180 so
541 4101 747 4185 commissam,
769 4104 865 4185 tuque
880 4104 1003 4184 praeter
1017 4102 1161 4186 aeternae
1174 4097 1391 4163 retributionis

146 4203 327 4293 praemium,
351 4203 498 4268 Nostram
522 4206 554 4269 et
576 4203 677 4269 diotae
699 4203 788 4269 Sedis
810 4205 1055 4270 benedictionem
1077 4206 1109 4269 et
1127 4204 1264 4289 gratiam
1280 4200 1390 4266 exinde

147 4306 271 4369 uberius
295 4306 438 4389 consequi
458 4308 615 4373 merearis.
646 4308 711 4372 Nos
734 4308 815 4373 enim
837 4307 877 4371 ad
900 4327 946 4387 ea,
967 4328 1046 4391 quae
1068 4308 1100 4371 in
1124 4308 1196 4372 tuae
1219 4304 1389 4371 commodi·

147 4408 223 4472 tatis
245 4409 449 4491 augmentum
473 4410 581 4475 cedere
604 4410 738 4490 valeant,
762 4411 973 4477 favorabiliter
995 4410 1200 4491 intendentes,
1224 4409 1293 4491 tibi,
1315 4410 1390 4474 uta
