3109 4859
558 113 658 201 Kotes,
672 116 738 175 ,Dte
757 110 985 185 Wctbbc'scbdle.
1328 90 1391 161 217

0 262 33 323 *u
155 287 330 355 cucurum
350 290 404 355 der
427 289 529 355 Messe
551 307 621 355 zum
644 288 753 353 Altare
776 285 881 371 geht3'
894 285 965 351 dass
980 304 1012 351 es
1028 284 1108 351 auch
1123 283 1206 351 beim
1218 286 1394 371 Empfenge

15 382 36 477 c
153 394 208 459 des
231 394 389 459 Bischofes
412 394 584 479 gebraucht
603 392 724 463 werden
739 392 866 469 konnte,
889 392 961 475 sagt
980 391 1036 456 das
1052 390 1281 489 Caeremoniale
1296 390 1394 459 nicht.

6 494 11 534 ³
23 524 33 535 ·*
154 496 224 564 Und
247 498 328 563 auch
347 497 416 563 hier
438 498 556 581 spricht
579 497 634 561 das
657 495 886 562 Caeremoniale
907 512 975 559 vom
999 493 1300 575 Didcosanbischofc‚
1317 495 1394 560 dem

104 606 111 619 ’
154 602 187 667 in
209 602 309 668 seiner
330 602 460 669 Discere
483 600 647 669 sicberlich
662 607 802 685 grbssere
817 598 1144 685 Ehrenbezeugungen
1159 598 1328 684 gebdhren,
1346 599 1395 665 als

21 702 29 791 ’ζ
155 706 225 772 dem
247 706 489 774 Weihbischof.

2 800 33 849 rt
219 844 221 859 ,

758 877 797 944 V.

259 1018 318 1085 Die
338 1016 630 1101 llrnennungsbnlle
651 1015 701 1081 ibr
724 1016 784 1081 den
806 1014 1084 1099 Hochvvdrdigsten
1100 1014 1317 1082 Weihbisclrol
1337 1035 1395 1083 von

1 1122 27 1215 ‘'l'’
156 1122 359 1199 Germanicia,
383 1120 505 1188 Gustus
528 1120 617 1203 Grcs
631 1120 777 1202 Belrupt,
801 1120 904 1184 laulet
926 1118 1225 1202 lolgendermassen:

261 1226 333 1304 Leo,
366 1225 548 1308 Episcopus,
581 1223 693 1325 Servus
715 1222 878 1289 Servorum
901 1223 968 1288 Dei.
1013 1222 1136 1290 Dilecto
1160 1224 1223 1289 lilio
1247 1224 1397 1305 Gustavo,

158 1328 271 1396 domici
291 1329 329 1393 de
345 1326 621 1412 Belrupt·Tyssac,
647 1327 754 1393 illecto
776 1326 1029 1405 Germaniciensi,
1051 1325 1193 1394 Salutem
1211 1331 1244 1394 et
1263 1328 1397 1413 Aposto-

156 1434 247 1498 licam
272 1430 534 1497 Benedictionern.
582 1431 782 1515 Apostolatus
804 1430 959 1509 officium,
979 1429 1100 1497 meritis
1119 1432 1193 1498 licet
1216 1434 1396 1517 imparibus,

155 1536 253 1602 Nobis
275 1556 311 1623 er
333 1536 408 1600 Alto
430 1519 639 1613 commissum,
662 1553 722 1618 quo
745 1534 944 1624 ecclesiarum
967 1535 1104 1601 omnium
1127 1534 1273 1618 regimini
1292 1536 1397 1603 diviua

155 1638 356 1723 dispositione
378 1638 606 1722 praesidemus,
636 1638 758 1703 utiliter
784 1638 908 1722 exequi,
937 1639 1138 1722 coadJuvante
1165 1638 1313 1719 Domino,
1342 1660 1397 1706 cu-

11 1748 18 1794 l
156 1743 292 1827 pientes,
317 1742 444 1808 solliciti
466 1742 556 1809 corde
578 1742 738 1807 reddimur
760 1743 792 1807 ct
814 1742 961 1821 solertes,
984 1744 1020 1807 ut
1041 1762 1112 1808 cum
1136 1742 1174 1809 de
1196 1726 1396 1809 ecclesiarum

155 1848 292 1930 ipsarum
315 1847 521 1931 regiminibus
544 1846 649 1931 agitur
670 1847 911 1926 committendis,
933 1847 1013 1913 tales
1035 1847 1080 1912 eis
1100 1847 1132 1911 in
1149 1849 1293 1913 Pastores
1308 1868 1397 1931 prae·

155 1953 245 2018 ficere
265 1953 464 2028 studeamuS,
499 1950 552 2034 qui
585 1952 713 2033 populos
738 1951 875 2034 ipsorum
907 1970 998 2017 curae
1029 1951 1162 2017 creditus
1189 1952 1306 2031 sciant,
1333 1971 1396 2018 non

156 2057 256 2120 solum
278 2055 419 2121 doctrina
440 2054 537 2133 verbi,
560 2054 613 2119 sed
638 2055 732 2119 etiam
754 2055 891 2138 exemplo
916 2055 987 2120 boni
1002 2056 1102 2140 operis
1117 2056 1293 2140 informare,
1310 2075 1396 2122 com·
1448 2117 1454 2123 .

2 2187 14 2217 v
155 2160 325 2243 missasque
364 2159 408 2224 cis
446 2157 590 2224 ecclesias
624 2158 655 2223 in
686 2160 772 2224 statu
805 2158 934 2241 pacifico
970 2160 1003 2224 ct
1032 2160 1201 2243 tranquillo
1235 2161 1333 2227 velint
1359 2144 1397 2224 et

74 2292 80 2300 ·
157 2262 297 2343 valeant,
334 2264 467 2328 Auctore
498 2262 649 2339 Domino,
683 2262 850 2327 salubriter
874 2280 982 2346 regere
1004 2264 1036 2327 et
1057 2264 1190 2328 feliciter
1211 2265 1396 2348 gubernare.

157 2367 281 2431 Dudum
306 2366 456 2450 siquidem
479 2366 664 2450 provisiones
685 2366 1057 2444 ecclesiarum‘omnium,
1080 2368 1148 2431 tum
1165 2368 1343 2433 vacantium
1364 2366 1410 2431 et'
1441 2447 1443 2450 ι

155 2470 187 2533 in
209 2472 366 2552 posterum
389 2472 625 2548 vacaturarum,
655 2469 843 2535 ordinationi
870 2471 902 2534 et
925 2469 1119 2553 dispositioni
1142 2471 1276 2536 Nostrae
1298 2489 1397 2536 rescr-

155 2574 314 2653 vuvirous,
335 2570 547 2652 decernentes,
571 2594 606 2640 ex
628 2575 703 2640 tunc
725 2573 850 2638 irritum
874 2576 905 2639 el
922 2572 1033 2653 inane,
1063 2575 1090 2638 si
1112 2593 1200 2640 secus
1222 2593 1314 2657 super
1336 2574 1394 2655 his,

156 2695 209 2759 per
222 2694 427 2761 quoscunque,
452 2679 560 2762 quavis
579 2678 777 2755 auctoritate,
795 2677 927 2742 scienter
944 2677 992 2743 vel
1009 2678 1187 2761 ignoranter
1202 2678 1396 2761 contingeret

156 2780 313 2846 attentari.
359 2781 559 2849 Postmodum
590 2800 660 2847 vero
691 2781 856 2865 episcopali
885 2781 1015 2845 ecclesia
1048 2780 1304 2862 Germaniciensi,
1338 2784 1395 2847 sub

156 2884 339 2948 Patriarcha
361 2883 568 2963 Antiocheno,
596 2903 674 2967 quae
704 2885 736 2949 in
766 2885 906 2967 partibus
932 2884 1104 2950 infidelium
1127 2886 1270 2951 consistit
1292 2887 1325 2952 et
1346 2887 1396 2952 cui

155 2987 253 3052 bonae
274 2987 438 3051 memoriae
463 2988 600 3054 Jacobus
627 2988 808 3053 Franciscns
830 2988 926 3073 Kyle,
961 2988 1091 3053 ultimus
1123 2988 1208 3054 illius
1236 2989 1396 3073 episcopus

155 3109 250 3174 nuper
270 3091 483 3173 praesidebat,
512 3111 566 3175 per
594 3092 713 3157 obitum
736 3091 812 3156 dicti
837 3091 945 3157 Jacobi
973 3092 1131 3156 Francisci
1154 3093 1315 3175 llpiscopi,
1343 3093 1396 3176 qui

155 3197 241 3259 extra
264 3196 434 3260 itomanam
458 3194 586 3261 Ourtam
611 3195 750 3261 debitum
774 3196 905 3260 naturae
927 3194 1091 3279 persolvit,
1125 3195 1263 3261 Pastoris
1286 3195 1396 3263 solatio

155 3298 317 3376 destituta,
337 3299 412 3378 Nos,
433 3299 595 3365 vacatione
608 3299 787 3383 hujusmodi
808 3298 869 3364 fide
890 3299 992 3383 dignis
1006 3299 1209 3365 relationibus
1223 3300 1395 3380 intellecta,

156 3402 194 3467 ad
214 3403 416 3485 provisionem
437 3403 574 3489 ejusdcm
598 3400 745 3468 ecclesiae
767 3403 899 3469 celerem
921 3404 953 3468 ct
975 3404 1113 3482 felicem,
1143 3404 1177 3469 in
1206 3423 1268 3488 qua
1291 3404 1396 3469 nullus

155 3507 277 3589 practer
300 3506 364 3570 Nos
387 3524 419 3571 se
441 3506 650 3572 intromittere
672 3507 792 3589 potuit,
816 3506 880 3572 sive
902 3508 1022 3589 potest,
1054 3508 1261 3573 reservatione
1284 3509 1317 3573 ct
1338 3508 1394 3573 dc-

156 3611 240 3675 creto
263 3608 484 3675 obsistentibus
505 3610 707 3693 supradictis,
735 3612 806 3693 post
827 3601 1095 3689 deliberitionem,
1126 3630 1218 3694 quam
1242 3610 1280 3675 de
1303 3630 1394 3694 prae·

156 3710 287 3779 ficiendo
309 3713 382 3778 huic
405 3713 535 3779 ecclesia
554 3733 714 3797 personam
748 3714 859 3780 utilem
890 3733 928 3780 ac
957 3714 1053 3780 etiam
1086 3714 1291 3792 fructuosam,
1325 3732 1396 3779 cum

157 3816 391 3897 venerabilibus
418 3816 583 3883 Fratribus
609 3818 747 3897 Nostris,
779 3817 913 3883 Sanctae
944 3818 1100 3883 Romanae
1134 3816 1289 3882 Ecclesiae
1320 3813 1395 3881 Oar-
1520 3849 1522 3852 ·

157 3920 312 3986 dinalibus
334 3920 501 3985 habuimus
524 3920 718 4005 diligentem,
742 3921 866 3987 demum
892 3921 931 3986 ad
954 3921 996 3997 te,
1017 3939 1053 3985 ex
1068 3918 1218 4003 legitimis
1234 3909 1412 3985 catholicis

156 4024 371 4108 nobilibusque
392 4023 573 4109 parentibus
596 4024 746 4108 Opaviae,
764 4023 986 4091 'olomucensis
1012 4022 1297 4103 Archidioecescos,
1323 4041 1395 4107 pro·

157 4128 298 4212 genitum
333 4130 425 4214 utque
459 4128 626 4195 secundum
660 4148 753 4213 supro
786 4129 1013 4213 sexagesimum
1041 4129 1116 4194 tuae
1135 4128 1249 4195 acutis
1271 4147 1416 4208 aunum„

156 4250 400 4317 supergressum,
422 4233 476 4317 qui
500 4232 736 4318 Presbyteratns
758 4231 875 4298 Ordine
897 4233 929 4297 et
950 4231 982 4296 in
1004 4248 1094 4295 sacra
1108 4230 1268 4315 theologia
1283 4230 1398 4295 Docto·

157 4338 246 4401 ratus
268 4337 367 4421 gradu
389 4337 508 4403 dudum
529 4337 679 4417 donatus,
711 4337 743 4403 in
767 4336 984 4403 ecclesiasticis
1012 4329 1161 4419 obeundis
1187 4334 1397 4401 functionibus
1468 4398 1470 4403 .

158 4437 265 4505 sedulo
287 4440 470 4520 incubuisti,
502 4441 675 4508 animorum
706 4460 798 4509 curae
820 4442 870 4509 vel
891 4442 953 4525 qr‘ra
975 4439 1161 4531 cooperator
1181 4438 1231 4507 vel
1252 4456 1314 4522 qua
1334 4439 1396 4505 Pa·

188 4540 284 4591 mehir
298 4542 339 4591 fdr
352 4543 542 4594 Kirclrenreolrt.
557 4544 646 4601 XLVJ.
1253 4542 1295 4608 15
