3109 4859
340 43 353 69 ἦ
447 87 557 142 Stulni.
580 81 679 156 Capit.
697 91 787 141 metr.
807 83 942 145 Olomuo
962 100 1028 155 cup.
1047 83 1074 138 9.
1259 113 1265 131 2
1319 64 1380 132 159

141 260 260 326 uiribus
286 257 364 324 meis
390 259 650 323 conservaturum.
696 255 746 322 Sic
782 275 831 321 me
866 256 949 322 Deus
984 256 1111 341 adjuret
1143 257 1380 341 intercessioque

141 365 177 436 P.
214 365 249 430 V.
285 363 435 446 Deiparae
456 361 501 426 'ct
530 362 666 426 omnium
701 360 902 440 Sanctorum,
942 362 1034 445 atque
1068 362 1145 426 haec
1178 366 1286 427 sancta
1321 362 1405 444 Dei,

140 467 322 550 Evangelia,
346 468 455 542 Amen.

246 573 273 656 ξ.
300 572 328 635 7.
375 572 505 636 Peracta
527 571 595 636 tum
617 569 830 634 installatione
850 569 1088 652 Archiepisoopo
1110 588 1177 633 cum
1195 570 1311 635 adnexa
1326 590 1381 653 per

100 747 104 762 ,
143 677 305 764 Notarium
326 674 537 759 Capitularem
558 665 706 739 vidimata
723 673 895 757 juramenti
908 673 995 756 copia
1006 672 1116 738 relatio
1127 674 1298 762 exhibenda
1310 676 1379 741 erit.

63 870 65 874 ·
184 849 259 932 Ocp.
280 849 346 915 IX.
386 847 437 914 De
454 847 633 930 'Requisitis
653 869 713 928 pro
736 847 928 930 capessendo
947 846 1118 912 raddo-ratic
1140 849 1335 914 necessariis.

240 986 324 1074 ,Cum
348 987 538 1071 quibuslibet
562 986 716 1052 Ecclesiae
740 986 888 1070 gradibus
911 985 1034 1068 provide
1056 978 1248 1070 scienterque
1270 1006 1380 1052 curan·

82 1092 85 1096 ’
126 1091 215 1184 duro
240 1091 298 1169 sit,
333 1093 370 1155 ut
398 1091 431 1155 in
466 1091 555 1156 domo
585 1091 711 1154 Domini
741 1090 821 1154 nihil
842 1090 957 1154 existat
979 1090 1208 1181 inordinatum,
1242 1090 1380 1173 nihilque
1493 1129 1500 1136 ,

143 1196 537 1280 praeposterum,·cumque
561 1196 592 1258 et
614 1197 743 1272 constet,
766 1195 846 1278 quod
870 1194 1030 1278 providum
1054 1195 1192 1277 regimen
1210 1195 1330 1260 nonnisi
1346 1215 1381 1260 er

141 1299 226 1386 fonte
249 1298 461 1364 doctrinarum
484 1300 636 1376 nascatur,
662 1299 779 1382 quodve
801 1297 956 1368 industria
971 1299 1070 1364 solum
1090 1301 1194 1363 omnia
1212 1299 1381 1369 consultius

143 1402 329 1486 dirigantur,
354 1405 484 1487 oportet,
505 1407 541 1468 ut
562 1405 615 1487 qui
637 1404 669 1468 in
692 1403 849 1468 Ecclesiae
871 1402 1020 1468 Senatum
1042 1404 1135 1486 atque
1153 1402 1382 1486 Archiepisccpi

143 1506 312 1572 Consilium
335 1511 499 1585 vocantur,
525 1508 672 1574 electores
695 1508 913 1590 adjutoresque
936 1507 1080 1589 Ejusdem
1105 1509 1195 1583 sunt,
1219 1508 1382 1591 atquibus

144 1611 303 1694 regiminis
326 1609 420 1676 etiarn
444 1612 612 1678 eminentia
634 1612 705 1677 sede
727 1613 860 1676 vacante
882 1614 914 1676 et
936 1611 1119 1695 quandoque
1137 1631 1173 1676 ex
1188 1611 1382 1695 delegatione
1447 1628 1455 1651 ·

145 1716 281 1780 absentis
305 1715 353 1780 rel
374 1716 517 1798 impediti
540 1716 771 1798 Arobiepisccpi
794 1716 996 1793 concreditur,
1016 1716 1049 1780 et
1064 1734 1183 1780 morum
1201 1715 1382 1780 maturitate

144 1822 176 1884 et
197 1819 345 1887 scientiae
372 1819 446 1884 flore
479 1820 614 1888 decorati
636 1819 752 1903 virique
774 1818 893 1903 ingenii
915 1819 1057 1884 acumine
1080 1818 1192 1882 muniti
1216 1820 1288 1884 sint.
1334 1819 1383 1884 Ne

143 1922 241 2004 igitur
264 1922 402 1987 canonici
427 1923 646 1988 Domicellares
673 1943 725 1988 seu
749 1943 809 1988 non
832 1923 1031 2001 Residentes,
1064 1942 1140 2006 quos
1173 1942 1264 2007 saepe
1296 1942 1380 1988 com·

143 2025 247 2108 plures
269 2045 323 2108 per
344 2045 439 2094 annos
461 2015 660 2109 residentiam
685 2027 881 2092 subintrandi
903 2027 976 2092 ordo
998 2046 1057 2092 non
1080 2028 1201 2109 tangit,
1236 2016 1400 2111 temporis'

144 2130 305 2195 intervallo
328 2131 479 2213 optimum
503 2130 616 2196 aetatis
639 2150 711 2196 suae
726 2131 833 2196 florem
849 2132 922 2194 ante
939 2132 1061 2214 tempus
1077 2151 1265 2197 marcescere
1280 2133 1383 2197 sinant

54 2247 57 2252 ·
143 2235 176 2298 et
197 2233 370 2300 studiorum
393 2235 607 2317 applicationis
630 2253 781 2316 curaeque
804 2235 978 2298 animarum
1001 2235 1078 2310 loco,
1101 2255 1133 2300 se
1149 2236 1232 2302 ritae
1249 2236 1383 2314 laxitati,

76 2422 79 2426 ,
146 2356 264 2402 morum
290 2337 483 2420 perversitati
506 2339 820 2421 cursitationibusque
844 2339 976 2418 dedant,
1010 2359 1048 2404 ne
1074 2359 1193 2423 quoqne
1212 2341 1245 2405 io
1265 2340 1311 2404 eis
1333 2359 1382 2403 re·

146 2441 293 2524 trigescat
314 2441 452 2507 charitas
475 2443 507 2507 in
531 2443 645 2521 Deum,
681 2461 717 2508 ac
751 2443 864 2508 sensim
900 2444 1006 2508 debita
1036 2443 1231 2510 observantia
1254 2447 1286 2509 et
1307 2435 1381 2508 obe·
1485 2512 1493 2523 .

144 2544 262 2610 dientia
285 2563 360 2629 erga
383 2548 522 2612 sanctam
546 2547 605 2611 Dei
628 2547 797 2612 Ecclesiam
822 2548 954 2612 matrem
975 2547 1015 2612 de
1035 2548 1099 2613 suis
1117 2549 1190 2613 liliis
1205 2547 1384 2625 sollicitam,

143 2651 176 2712 et
196 2667 249 2731 per
270 2648 387 2715 similia
408 2649 542 2715 finaliter
565 2670 604 2715 nc
627 2651 788 2716 Ecclesiae.
800 2651 832 2715 et
847 2651 965 2736 gremio
988 2651 1163 2735 capitulari,
1188 2652 1257 2735 plus
1278 2651 1384 2716 damni

144 2771 238 2834 quam
261 2752 410 2818 utilitatis
431 2754 599 2832 adferatur,
623 2754 774 2820 statuitur
796 2758 828 2820 et
845 2755 1024 2821 ordinatur:

247 2855 278 2941 ᾖ.
301 2859 328 2923 l.
374 2857 487 2924 Nullus
521 2859 737 2924 canonicorum
770 2858 1015 2924 domicellarium
1048 2858 1087 2923 ad
1117 2858 1271 2924 actualem
1303 2857 1407 2936 rest,

144 2959 265 3025 dentiae
287 2961 507 3044 posscssionum
529 2963 732 3041 admittatur,
767 2963 828 3031 nisi
862 2963 985 3047 praevie
1019 2950 1097 3028 bono
1124 2964 1290 3045 optatoque
1313 2981 1383 3025 cunr

143 3068 298 3146 proiectu,
332 3064 364 3130 in
401 3085 463 3132 una
492 3067 540 3131 vel
574 3067 672 3133 altera
705 3067 737 3133 in
771 3067 935 3151 prouinciis
969 3066 1184 3132 haereditariis
1218 3060 1383 3130 austriacis

94 3245 98 3252 1
143 3168 291 3234 existente
303 3168 522 3247 Universitate,
547 3170 645 3254 Lyceo
668 3172 723 3236 aut
746 3171 824 3235 alias
846 3190 900 3254 per
923 3170 1007 3254 leges
1029 3170 1132 3252 regias
1154 3169 1322 3252 approbato
1337 3169 1385 3232 in·

144 3271 265 3352 stituto,
288 3271 427 3337 studium
446 3273 654 3358 theologicum
680 3273 856 3352 absolverit,
880 3274 1010 3357 receptis
1030 3292 1118 3356 porro
1139 3273 1234 3338 sacris
1258 3272 1400 3355 maj0ri·‚

146 3375 202 3438 bns
224 3374 393 3455 ordinibus,
413 3395 504 3443 curae
527 3377 710 3457 animarum,
733 3378 783 3444 vel
804 3378 926 3444 muneri
949 3377 1134 3444 Professoris
1148 3397 1189 3444 ss.
1208 3376 1385 3459 theologiae

147 3478 202 3541 aut
224 3475 424 3560 Superioris'
415 3500 447 3544 rn
471 3481 573 3565 aliquo
602 3481 773 3547 Seminario
804 3482 941 3548 clericali
975 3500 1098 3566 operam
1125 3501 1187 3565 per
1220 3479 1384 3544 decursum

145 3581 249 3648 decem
280 3601 428 3648 annorum
462 3585 695 3668 impenderite
696 3586 823 3652 ttvel
808 3586 999 3671 theologica
993 3586 1056 3651 rel
1076 3586 1226 3669 juridica
1234 3583 1385 3650 doctorali
1466 3569 1469 3574 ’

145 3685 251 3750 laurea
273 3688 434 3753 decoratus
456 3689 559 3754 fucrit.
606 3690 687 3754 Hinc
706 3691 805 3774 patet,
824 3691 905 3774 quod

248 3789 276 3872 q.
300 3792 330 3857 2.
376 3793 435 3858 Pro
458 3795 644 3878 capessenda
667 3790 833 3860 residentia
855 3795 1014 3879 sequentia
1036 3795 1208 3861 necessaria
1235 3793 1385 3919 requisita

146 3891 231 3957 fideli
255 3893 346 3978 Capit
348 3895 429 3961 ulo
420 3917 451 3961 ιη
475 3889 628 3982 Originali
650 3897 822 3964 exbibenda
843 3897 922 3964 sint:

251 3997 280 4064 l.
325 3999 547 4066 Testimonium
575 4002 651 4067 bono
683 4021 753 4066 oum
775 4001 913 4086 proiectu
933 4001 1067 4067 absoluti
1087 4001 1185 4067 studii
1208 4000 1384 4084 theologici.

249 4101 278 4166 2.
325 4102 468 4186 Diploma
491 4104 677 4170 Doctoratus
700 4125 736 4170 ex
756 4105 890 4170 tacultt
840 4108 874 4170 ta
876 4108 907 4170 te
923 4104 1000 4170 velt
985 4105 1162 4188 theologica
1178 4105 1226 4170 vel
1240 4104 1384 4187 juridica.
1409 4122 1413 4130 ·

249 4205 279 4270 3.
325 4205 488 4274 Ilormatae
512 4208 554 4272 de·
572 4208 707 4274 obtentis
730 4207 996 4288 Subdiaoonatus,
1029 4208 1216 4274 Diaconatus
1239 4209 1271 4273 et
1295 4209 1386 4273 Pres-

146 4291 308 4391 byterutus
330 4309 501 4378 ordinibus.

250 4413 281 4479 4.
305 4412 500 4482 Attestaturn
524 4415 746 4502 Registratoria
769 4417 926 4502 regiarum
947 4417 1128 4484 tabularum
1155 4408 1256 4502 Regni
1279 4417 1383 4482 Bobe-
