3109 4859
397 0 426 8 a·

423 9 429 19 ι

313 102 1036 180 Bellesheim‚Entsch.d.
1061 83 1884 188 0031.9r.off.22.oec.1sso.·
1914 118 2177 175 ozvfzehe
2198 121 2256 176 α.
2281 120 2580 174 merram
2708 102 2793 166 25

519 287 955 370 Infrascriptus
1017 288 1352 372 Episcopus
1408 291 1613 356 orator
1637 341 1651 369 ,
1718 292 1791 355 ut
1859 275 2266 355 difficultates
2333 289 2500 354 hand
2572 310 2793 374 parvas

309 390 601 470 omittat,
662 409 819 474 quae
874 392 938 455 in
985 391 1340 458 executione
1387 392 1865 460 Constitutionis
1916 393 2344 476 ›Apostolicae
2388 394 2600 458 Saliae
2652 414 2789 458 nas-

309 495 574 572 cuntur,
637 513 710 558 ex
755 513 827 560 eo
873 495 1296 578 potissimum,
1360 497 1520 580 quod
1563 497 1705 581 jura
1731 489 2061 563 'Ecclesiae
2110 515 2227 562 non
2268 498 2416 562 sunt
2464 498 2640 578 plene
2684 498 2789 562 ad-

308 597 531 677 missa,
578 599 866 682 legesque
911 605 974 663 et
1020 599 1491 692 consuetudines
1530 588 1737 666 variae
1783 599 1929 664 huic
1975 598 2448 666 Con'stitutionis
2492 602 2789 666 adversae

308 701 595 785 vigeant,
649 702 1086 786 principaliora
1145 705 1356 787 aliqua
1402 704 1592 769 dubia
1634 704 1835 788 quoad
1878 703 2013 788 ejus
2058 703 2367 768 clausulae
2416 706 2536 766 vim
2584 706 2644 766 et
2692 722 2790 768 ra<-

307 804 539 870 tionem
582 807 848 889 proferre
893 806 1147 890 satagit.
1788 833 1798 838 ’

525 908 582 971 1.
651 909 730 973 Vi
777 909 1250 976 Constitutionis'
1310 911 1623 994 praefatae
1691 911 2027 976 »Moniales
2074 930 2112 974 a
2157 911 2444 975 clausura¹
2504 914 2789 974 exeuntes

306 1015 480 1079 extra
549 1032 726 1078 casus
793 1016 856 1080 et
922 1015 1179 1084 formam
1229 1035 1266 1079 a
1309 1016 1368 1080 S.
1421 1016 1529 1082 Pio
1581 1017 1700 1082 PP.
1744 1017 1819 1083 V.
1868 1016 1931 1080 in
1980 1015 2436 1081 Constitutione¹
2488 1014 2648 1078 elle*
2656 1014 2785 1078 eris

305 1117 783 1203 praescriptam,
858 1118 1471 1184 excommunicationi
1538 1119 1702 1186 latae
1770 1118 2115 1184 sententiae
2180 1119 2456 1183 Romans
2504 1118 2785 1182 pannum

300 1221 661 1287 reservatae
699 1220 1130 1303 subjiciuntur.

512 1323 631 1388 Sed
677 1323 741 1386 in
790 1323 920 1388 hac
955 1323 1262 1403 Dioecesi,
1327 1324 1420 1388 nti
1485 1325 1671 1389 etiam
1721 1325 1783 1389 in
1832 1326 1967 1390 tota
2013 1323 2309 1403 Bavaria,
2367 1328 2432 1390 et-
2480 1330 2636 1390 wrm
2684 1346 2789 1406 per

304 1429 707 1496 Germaniam
769 1428 1014 1492 omnino
1074 1428 1152 1492 ab
1197 1428 1676 1494 immemorabili
1720 1429 2078 1496 conceditur
2120 1427 2342 1492 iisdem
2388 1450 2668 1510 egressus
2716 1450 2785 1494 en

302 1533 590 1598 causibus
618 1530 932 1624 ‘gravibus
976 1531 1055 1595 ab
1097 1531 1393 1615 Episcopo
1430 1533 1769 1616 recognitis
1815 1533 1880 1597 et
1923 1530 2201 1615 probatis
2236 1531 2412 1615 juxta
2444 1534 2785 1598 Geminum

303 1626 743 1701 Tridentinum
788 1638 851 1700 et
897 1635 1070 1702 nulla
1113 1637 1351 1702 ratione
1392 1637 1609 1702 habita
1654 1635 2125 1720 Constitutionis
2172 1634 2416 1702 Pianae,

509 1739 846 1822 Quaeritur
888 1739 1121 1824 igitur,
1175 1740 1388 1804 utrum
1428 1739 1822 1824 particularis
1867 1757 1939 1803 ea
1980 1740 2042 1803 et
2087 1737 2596 1804 immemorabilis
2644 1762 2785 1806 [zen-

306 1843 572 1909 suetudo
633 1862 741 1926 per
801 1842 1033 1910 dictam
1083 1863 1299 1908 novam
1349 1843 1870 1910 constitutionem
1916 1843 2219 1926 abrogata
2263 1846 2492 1907 censs-ri
2544 1846 2781 1922 debean

304 1947 650 2013 continueri
694 1947 935 2029 possit?

509 2053 569 2114 2.
642 2050 714 2114 In
759 2049 968 2114 eadem
1017 2051 1455 2115 constitutione
1500 2050 2129 2120 excommunicatione
2171 2050 2440 2115 Romanu
2500 2054 2781 2118 Pontifici

299 2157 616 2219 reservata
661 2153 1019 2236 plectuntur
1067 2154 1567 2219 »immunitatem
1616 2156 1772 2240 asyli
1818 2154 2219 2219 ecclesiastici
2265 2173 2416 2218 ausu
2456 2158 2781 2218 temerario

301 2257 534 2322 violare
575 2243 881 2339 jubentes,
929 2261 1038 2322 ant
1084 2258 1446 2326 violantes«
1541 2259 1731 2324 Hisce
1784 2278 1924 2324 vero
1969 2257 2032 2321 in
2079 2257 2432 2341 regionibus
2480 2262 2572 2322 lex
2624 2262 2777 2342 asyli

297 2360 704 2427 ecclesiastici
757 2361 1094 2426 secundum
1158 2381 1398 2427 omnem
1454 2375 1629 2428 suam
1678 2363 1977 2428 rationem
2021 2380 2059 2427 a
2098 2362 2456 2447 longissime
2504 2366 2777 2446 tempere

296 2467 360 2530 in
405 2465 873 2530 desuetudinem
918 2465 1108 2543 abiit,
1168 2466 1258 2531 ita
1307 2468 1370 2531 et
1436 2467 1536 2531 vix
1580 2467 1905 2550 quisquam
1951 2467 2082 2530 sine
2128 2485 2275 2531 casu
2322 2466 2400 2531 ad
2448 2470 2773 2550 petendum

297 2569 432 2652 ejus
476 2569 887 2652 patrocinium
931 2569 1207 2634 animum
1251 2569 1553 2637 intendat.

428 2675 455 2682 ⁷
502 2671 926 2737 Nihilominus
970 2674 1250 2738 movetur
1293 2673 1606 2757 quaestio,
1666 2676 1874 2739 utrum
1936 2676 2238 2759 abrogata
2282 2678 2468 2740 contr*
2460 2678 2588 2738 irin.
2636 2694 2781 2738 *son-

294 2775 622 2840 suetudine
667 2776 764 2840 lex
811 2776 965 2860 asyli
1012 2776 1211 2841 denuo
1256 2779 1499 2842 statuta
1541 2778 1605 2842 in
1653 2778 1751 2844 his
1790 2798 2030 2863 quoque
2061 2778 2412 2903 regionibus
2444 2778 2524 2842 sit
2556 2778 2777 2842 saltem

293 2879 498 2962 quoad
536 2879 952 2945 substantiam
998 2881 1318 2956 servanda,
1363 2883 1603 2946 necne?

501 2985 562 3050 3.
639 2983 910 3048 Tandem
965 2985 1306 3049 executioni
1366 2984 1686 3067 subjacere
1744 2985 2141 3051 declarantur
2186 2985 2512 3050 alimanies
2560 2994 2620 3050 et
2672 3006 2777 3050 ac·

291 3085 494 3170 cipere
537 3093 998 3171 praesumentes
1045 3089 1202 3152 bona
1245 3089 1664 3153 ecclesiastica
1708 3089 1939 3172 absque
1989 3088 2372 3172 beneplacito
2424 3090 2773 3170 Apsstfllicu

293 3191 371 3254 ad
417 3191 679 3256 formam
727 3192 1206 3277 Extravagantis
1257 3193 1699 3274 »Ambitiosae,
1750 3194 1825 3258 de
1870 3195 1996 3260 reb.
2030 3193 2177 3258 eccl.
2216 3194 2769 3281 non-alienandis*

298 3294 380 3359 Ex
430 3294 720 3360 infaustis
766 3313 908 3361 vero
957 3297 1220 3374 casibus,
1260 3297 1483 3380 quibus
1529 3298 1609 3362 ab
1659 3297 1839 3363 initio
1880 3296 2064 3380 hujus
2108 3297 2337 3362 saeculi
2384 3298 2540 3362 bsna
2580 3298 2773 3362 «eecle-

294 3398 550 3463 siastica
597 3397 1065 3488 affligebantur,
1119 3400 1391 3483 aliasque
1436 3401 1513 3467 ob
1562 3419 1781 3466 causas
1827 3401 2115 3466 subortae
2158 3403 2305 3465 sunt
2352 3402 2444 3466 vel
2496 3406 2777 3482 praetun-

292 3504 526 3569 duntur
566 3502 1038 3568 consuetudines
1083 3522 1254 3569 sacro
1290 3504 1414 3588 juri
1461 3506 1819 3585 contrariae,
1866 3524 2024 3588 quae
2067 3524 2186 3571 non
2234 3525 2542 3590 nunquam,
2576 3506 2769 3590 privi-

289 3607 476 3694 legiis
520 3608 620 3672 sat
663 3607 924 3674 vetustis
964 3608 1197 3673 firmari
1241 3608 1542 3675 videntur.

502 3710 682 3777 Circa
724 3709 877 3777 haec
921 3713 1241 3796 sequentia
1287 3712 1475 3778 dubia
1517 3713 1790 3798 proferre
1835 3712 2039 3780 liceat.

502 3818 561 3897 a)
610 3816 705 3880 An
751 3816 888 3900 ipsa
931 3816 1028 3882 lox
1072 3817 1444 3901 beneplaciti
1491 3817 1830 3902 Apostolici
1871 3838 1999 3902 per*
2025 3817 2476 3884 Constitutione
2488 3842 2544 3882 πῃ
2592 3838 2773 3902 saepe

291 3923 715 3998 numeratam,
774 3918 923 3985 licet
988 3920 1143 3986 haec
1194 3922 1275 3987 ad
1329 3921 1691 3988 limitandas
1734 3923 1899 3987 latae
1946 3921 2289 3988 sententiae
2339 3941 2624 4010 sebenias
2668 3942 2773 4002 pc-

290 4024 605 4089 tissimum
650 4025 990 4107 spectavit,
1059 4025 1236 4108 quasi
1307 4026 1382 4091 de
1446 4045 1598 4092 novo
1657 4026 2050 4110 promulgata
2110 4027 2239 4104 est,
2292 4020 2392 4090 ita
2440 4033 2508 4090 ut
2556 4046 2664 4090 sua
2712 4026 2773 4090 *ri

289 4127 668 4213 generaliter
735 4146 944 4194 omnes
1012 4129 1203 4214 liget,
1276 4134 1465 4214 atque
1532 4123 1725 4197 etiam
1786 4131 2046 4216 ligaret,
2119 4129 2170 4194 si
2238 4130 2612 4195 Constitui-io
2660 4130 2773 4194 illa

298 4230 757 4298 ›Ambitiosae‹
805 4233 1016 4317 (quam
1064 4235 1454 4318 caeteroquin
1499 4237 1701 4300 ratam
1747 4235 2113 4317 firmamque
2147 4234 2452 4318 declara-t)
2504 4234 2592 4298 ’,εἱ
2644 4234 2769 4298 ulia

289 4333 512 4400 similis
552 4354 670 4399 non
718 4336 1176 4418 praecessisset.

498 4440 580 4504 Et
629 4439 686 4504 si
733 4439 1128 4508 affirmative.
