3109 4859
159 99 220 164 158
462 113 577 170 statut.
596 113 696 184 Cupit.
713 120 803 169 mear.
822 114 959 170 Olomae.
978 131 1045 184 cop.
1065 115 1091 168 8.

259 288 291 353 4.
335 285 471 352 Litteras
493 287 695 370 baptismales
717 286 750 350 in
771 286 867 369 legali
888 286 999 352 forma.

181 443 187 464 .
260 392 290 456 5.
336 391 531 455 Attestatnm
552 390 725 455 medicinae
745 390 887 455 Doctoris
909 391 948 454 de
967 409 1092 473 corpore
1115 410 1175 454 non
1198 391 1318 455 vitiato.

260 501 290 559 o.
335 494 561 559 Testimonium
582 494 665 558 vitae
687 496 719 557 et
743 495 936 576 integritatis
958 513 1088 560 morum.

260 599 290 663 7.
336 598 560 664 Testimonium
583 599 663 662 bono
685 618 754 662 cum
775 599 914 681 proiectu
930 599 1065 663 absoluti
1081 599 1178 662 studii
1193 597 1396 681 philosophici

158 706 190 767 et
212 703 395 781 studiorum,
419 703 530 785 quibus
553 703 694 786 legitime
715 703 866 767 incubuit.

259 807 288 871 8.
334 807 495 870 Formatas
510 805 547 870 de
562 807 690 870 obtenta
704 809 833 870 tonsura
847 811 881 871 et
896 810 1029 891 quatuor
1042 806 1202 872 ordinibus
1213 806 1394 870 minoribus.

259 913 289 976 9.
336 908 480 991 Diploma
502 911 622 992 regium
650 929 742 990 super
763 911 890 975 obtento
911 911 1049 975 incolatu
1062 911 1095 974 in
1115 930 1211 993 regno
1226 911 1395 974 Bohemiae

155 1018 187 1080 et
203 1014 419 1078 Marchionatn
439 1013 605 1090 Moraviae,
628 1014 655 1076 si
679 1020 784 1078 autern
808 1016 915 1079 notum
932 1015 1036 1092 luerit,
1058 1015 1211 1079 familiam
1229 1013 1396 1079 Candidati

154 1120 250 1184 talem
274 1118 441 1183 incolatum
464 1117 631 1200 possideas,
655 1119 851 1183 armatum
871 1119 1002 1201 desuper
1024 1120 1181 1202 regiarum
1204 1120 1394 1182 tabularum.

259 1223 288 1306 ξ.
310 1224 339 1287 2.
385 1221 471 1285 Haec
499 1221 650 1305 requisita
681 1240 734 1303 par
756 1223 962 1286 constitutum
986 1223 1220 1286 Procuratorem
1243 1222 1394 1286 Neo-No·

156 1327 266 1392 minati
295 1329 352 1390 aut
371 1325 489 1403 Electi,
525 1325 610 1389 fideli
642 1326 786 1408 Capitulo
803 1308 1004 1404 'exhibenda
1036 1347 1056 1389 a
1078 1327 1197 1392 dnobus
1219 1327 1257 1390 de
1277 1326 1394 1408 gremio

155 1430 292 1514 Capituli
314 1429 539 1493 constituendis
564 1429 759 1494 Revisoribus
782 1430 958 1508 recidenda,
987 1432 1020 1494 et
1042 1450 1081 1495 an
1101 1431 1133 1493 in
1155 1431 1255 1494 forma
1278 1429 1394 1505 debita,

153 1553 280 1599 numero
302 1534 453 1616 completo
483 1534 629 1616 nulloque
664 1534 740 1597 vitio
772 1537 828 1597 ant
861 1534 981 1598 defectu
1015 1535 1191 1598 laborantia
1227 1535 1395 1598 adinventa

153 1639 235 1716 sint,
263 1637 481 1720 perlustranda
503 1640 610 1714 erunt,
641 1656 702 1720 quo
724 1637 807 1701 facto
828 1638 940 1702 relatio
963 1639 1004 1702 ad
1026 1638 1119 1702 fidele
1141 1639 1320 1721 Capitulum
1344 1638 1394 1701 fa·

154 1741 262 1806 cienda
285 1745 341 1807 est.

258 1846 287 1930 ξ.
311 1847 341 1909 3.
386 1844 419 1910 Si
453 1846 562 1912 sitium
593 1845 758 1928 quodpiam
789 1845 840 1910 sel
866 1845 1006 1910 delectus
1033 1847 1187 1930 quispiam
1210 1846 1394 1921 occurreret,

154 1969 208 2032 per
227 1948 480 2014 reexhibitionem
503 1942 655 2031 Requisiti
677 1947 849 2031 qualificati
872 1950 1064 2015 emendetur.

258 2053 287 2138 ᾗ.
309 2053 340 2120 4.
386 2053 555 2137 Requisitis
578 2052 703 2131 revisis,
735 2052 767 2116 in
797 2053 883 2116 statu
906 2053 1012 2118 debito
1034 2055 1189 2131 iuvantis,
1224 2074 1261 2118 ac
1289 2073 1394 2118 couse-

154 2161 283 2268 quenter
305 2177 324 2222 a
345 2161 411 2222 toto
433 2157 517 2222 fideli
541 2156 684 2239 Capitnlo
707 2157 893 2239 approbatis,
918 2160 1001 2222 tacta
1021 2159 1146 2242 praevia
1168 2159 1208 2222 ad
1231 2159 1393 2240 Aratispi-

156 2281 292 2344 scopum,
316 2261 364 2325 vel
386 2262 417 2325 in
441 2260 582 2326 absentia
597 2260 681 2324 illius
697 2258 854 2324 Vicarimn
870 2261 1008 2343 ejusdem
1023 2262 1183 2339 relatione,
1208 2262 1395 2345 obtentoque

154 2369 282 2445 annulo,
306 2365 447 2430 Decanas
470 2364 518 2430 vel
537 2383 592 2447 pro
613 2367 752 2446 tempore
776 2363 904 2426 Praenes
925 2363 1063 2446 Capituli
1085 2365 1136 2429 die
1157 2385 1177 2430 a
1198 2385 1231 2428 se
1248 2365 1393 2430 (letemi-

154 2475 226 2536 nato
246 2471 278 2535 in
301 2470 402 2552 spatio
425 2467 656 2551 quatuordecim
679 2467 816 2545 dierum,
851 2467 900 2532 sel
922 2467 1025 2550 ipsum
1046 2469 1317 2534 Neo-Canonicnm
1340 2472 1396 2533 aut

152 2576 292 2659 ejusdem
315 2573 568 2649 Procuratorem,
600 2571 751 2654 praestita
776 2572 900 2653 praevie
920 2571 959 2636 ab
983 2573 1091 2638 eodem
1114 2573 1301 2656 prolessione
1323 2573 1394 2637 fidei

153 2682 185 2745 et
205 2679 296 2745 solito
316 2678 493 2762 juramento
514 2677 683 2759 praemissa
703 2676 788 2740 brevi
810 2675 1016 2754 allocutione,
1052 2696 1106 2760 per
1139 2678 1232 2742 bireti
1266 2677 1393 2761 imposi-

151 2786 279 2858 tionem,
302 2781 350 2846 uti
372 2783 552 2846 consuetum
574 2780 759 2848 installabit.

256 2885 285 2969 ς.
309 2887 338 2950 5.
383 2885 565 2950 Installatus
588 2884 681 2949 etiarn
706 2887 779 2950 ente
804 2885 898 2950 citius
927 2885 1131 2950 Nominatum
1161 2885 1210 2950 sel
1241 2885 1396 2964 illectum,

152 2988 398 3073 praecedentiam
421 2989 452 3053 in
473 2987 589 3066 (thoro,
617 2986 730 3067 Stallo,
760 2989 867 3054 ordine
889 3007 925 3053 ac
945 2989 1030 3053 senio
1055 2988 1262 3053 Canonicatus
1285 3007 1392 3070 conse-

153 3094 275 3178 quitum
299 3092 442 3177 proinde,
465 3096 502 3158 ut
523 3093 621 3157 omnis
643 3092 740 3158 fomes
761 3093 985 3158 discordiarum
1007 3094 1040 3157 in
1063 3111 1136 3156 casu
1160 3093 1392 3156 concurrentiae

154 3196 415 3262 Installandorum
438 3195 582 3275 tollatur,
605 3196 772 3264 statuitur:
795 3201 832 3267 ut
853 3197 897 3276 is,
920 3197 1009 3280 cujus
1031 3195 1182 3278 requisita
1200 3195 1286 3277 prius
1306 3195 1392 3260 eulni-

155 3303 220 3367 bita
242 3304 274 3366 et
297 3321 315 3367 a
337 3301 474 3385 capitulo
496 3293 666 3385 adprobata
686 3302 818 3380 fuerint,
850 3320 923 3385 prae
954 3301 1085 3366 caeteris
1106 3299 1313 3366 installationi
1335 3301 1392 3365 ad·

154 3409 323 3472 moveatur.
1099 3427 1104 3438 Χ

122 3515 126 3536 “
258 3509 287 3595 ᾗ.
310 3509 339 3575 6.
384 3507 604 3573 duramentum
625 3508 839 3572 canonicorum
864 3507 1109 3573 domicellarium
1125 3513 1190 3578 est:
1213 3510 1280 3596 Ego
1295 3511 1335 3575 N.
1351 3509 1393 3574 N.

153 3613 294 3697 provisos
323 3613 505 3678 canonicatu
535 3611 725 3677 domicellari
755 3614 788 3676 et
810 3612 911 3677 eidem
934 3613 1051 3678 adnexo
1073 3614 1223 3679 beneficio
1246 3613 1393 3678 ecclesia·

153 3721 250 3798 atico,
280 3737 371 3802 panes
394 3718 474 3782 hanc
496 3717 610 3781 almam
634 3716 804 3782 Ecclesiam
828 3717 1100 3800 Metropolitanam
1120 3719 1192 3802 juro
1215 3737 1268 3802 par
1292 3718 1391 3780 Deum

153 3822 393 3906 omnipotentem
417 3820 612 3904 etspondeo,
637 3839 685 3885 me
708 3821 834 3884 sanctae
854 3819 951 3885 Matri
974 3821 1132 3886 Ecclesiae
1148 3821 1318 3887 catholicae
1341 3821 1392 3884 at·

153 3946 212 4010 que
241 3926 417 4009 specialiter
447 3925 558 3991 Rssmo
580 3943 617 3991 ac
640 3910 816 3990 G'elsissimo
838 3923 974 4007 Principi
997 3924 1238 4008 Archiepiscopo
1260 3922 1389 3988 Olomu·

153 4029 236 4095 censi
256 4028 489 4113 Successorique
512 4046 567 4092 suo
589 4028 729 4112 legitimo
752 4026 946 4093 obedientem
972 4030 1005 4092 et
1033 4027 1155 4093 fidelem
1186 4029 1268 4106 fore,
1298 4046 1392 4092 voveo
1484 4082 1491 4089 ,

153 4137 230 4201 item
253 4134 338 4199 vobis
362 4134 491 4199 Domino
515 4134 654 4211 Decano,
677 4150 762 4210 eam,
793 4151 872 4215 quae
895 4130 1048 4196 (banonico
1070 4131 1224 4196 incumbit
1244 4130 1390 4196 obedien·

153 4240 240 4320 tiam,
265 4237 405 4303 Dominis
430 4239 581 4306 Praelatis
603 4237 817 4316 reverentiam,
847 4237 878 4301 et
900 4238 1043 4304 omnibus
1067 4235 1207 4302 Dominis
1230 4235 1391 4302 Canonicls

153 4342 291 4408 debitum
315 4341 475 4421 honorem,
507 4343 579 4426 juro
607 4341 639 4406 et
667 4339 796 4406 Statuta
819 4339 955 4424 Capituli
980 4344 1011 4407 et
1032 4341 1268 4406 consuetudines
1290 4361 1310 4405 a
1331 4341 1393 4405 Re·

153 4443 372 4511 vereudissimo
403 4445 565 4513 Ordinatio
596 4445 781 4530 approbatas
812 4443 859 4509 vel
883 4445 915 4508 in
938 4445 1077 4533 futurum
1101 4445 1315 4530 approbandas
1337 4462 1394 4526 pro
1421 4458 1424 4462 ’
