<?xml version="1.0" encoding="UTF-8"?>
<!DOCTYPE html PUBLIC "-//W3C//DTD XHTML 1.0 Transitional//EN"
    "http://www.w3.org/TR/xhtml1/DTD/xhtml1-transitional.dtd">
<html xmlns="http://www.w3.org/1999/xhtml" xml:lang="en" lang="en">
 <head>
  <title>
</title>
<meta http-equiv="Content-Type" content="text/html;charset=utf-8" />
  <meta name='ocr-system' content='tesseract 3.04.00' />
  <meta name='ocr-capabilities' content='ocr_page ocr_carea ocr_par ocr_line ocrx_word'/>
</head>
<body>
  <div class='ocr_page' id='page_1' title='image "./archivfrkatholi10unkngoog_0232.png"; bbox 0 0 3109 4859; ppageno 0'>
   <div class='ocr_carea' id='block_1_1' title="bbox 237 661 1333 879">
    <p class='ocr_par' dir='ltr' id='par_1_1' title="bbox 237 661 1333 879">
     <span class='ocr_line' id='line_1_1' title="bbox 743 661 824 742; baseline 0 0"><span class='ocrx_word' id='word_1_1' title='bbox 743 661 824 742; x_wconf 88' lang='grc' dir='ltr'>ΧΧΙ.</span> 
     </span>
     <span class='ocr_line' id='line_1_2' title="bbox 237 788 1333 879; baseline 0.003 -11"><span class='ocrx_word' id='word_1_2' title='bbox 237 800 290 870; x_wconf 79' lang='lat' dir='ltr'><strong>ss,</strong></span> <span class='ocrx_word' id='word_1_3' title='bbox 314 788 353 868; x_wconf 69' lang='lat' dir='ltr'><strong>oss</strong></span> <span class='ocrx_word' id='word_1_4' title='bbox 377 802 417 870; x_wconf 86' lang='lat' dir='ltr'><strong>n.</strong></span> <span class='ocrx_word' id='word_1_5' title='bbox 442 800 566 869; x_wconf 76' lang='lat' dir='ltr'><strong>leones</strong></span> <span class='ocrx_word' id='word_1_6' title='bbox 591 802 743 869; x_wconf 76' lang='lat' dir='ltr'><strong>orvans</strong></span> <span class='ocrx_word' id='word_1_7' title='bbox 766 803 1058 870; x_wconf 80' lang='lat' dir='ltr'><strong>eaovronnam</strong></span> <span class='ocrx_word' id='word_1_8' title='bbox 1082 804 1221 871; x_wconf 80' lang='lat' dir='ltr'><strong>corne</strong></span> <span class='ocrx_word' id='word_1_9' title='bbox 1242 804 1333 879; x_wconf 79' lang='lat' dir='ltr'><strong>xnr.</strong></span> 
     </span>
    </p>
   </div>
   <div class='ocr_carea' id='block_1_2' title="bbox 569 923 1004 1007">
    <p class='ocr_par' dir='ltr' id='par_1_2' title="bbox 569 923 1004 1007">
     <span class='ocr_line' id='line_1_3' title="bbox 569 923 1004 1007; baseline 0.002 -2"><span class='ocrx_word' id='word_1_10' title='bbox 569 923 1004 1007; x_wconf 75' lang='lat' dir='ltr'><strong>constitutio</strong></span> 
     </span>
    </p>
   </div>
   <div class='ocr_carea' id='block_1_3' title="bbox 164 1049 1410 1253">
    <p class='ocr_par' dir='ltr' id='par_1_3' title="bbox 164 1049 1410 1253">
     <span class='ocr_line' id='line_1_4' title="bbox 164 1049 1410 1172; baseline 0.002 -43"><span class='ocrx_word' id='word_1_11' title='bbox 164 1085 228 1147; x_wconf 76' lang='lat' dir='ltr'><strong>aaa</strong></span> <span class='ocrx_word' id='word_1_12' title='bbox 248 1062 404 1129; x_wconf 75' lang='lat' dir='ltr'><strong>manullo</strong></span> <span class='ocrx_word' id='word_1_13' title='bbox 427 1066 707 1131; x_wconf 79' lang='lat' dir='ltr'><strong>controversiarum</strong></span> <span class='ocrx_word' id='word_1_14' title='bbox 725 1066 831 1149; x_wconf 85' lang='lat' dir='ltr'><strong>capita</strong></span> <span class='ocrx_word' id='word_1_15' title='bbox 852 1067 932 1131; x_wconf 82' lang='lat' dir='ltr'><strong>iuter</strong></span> <span class='ocrx_word' id='word_1_16' title='bbox 946 1065 1120 1149; x_wconf 88' lang='lat' dir='ltr'><strong>Episcopos</strong></span> <span class='ocrx_word' id='word_1_17' title='bbox 1133 1049 1162 1130; x_wconf 84' lang='lat' dir='ltr'><strong>et</strong></span> <span class='ocrx_word' id='word_1_18' title='bbox 1176 1065 1410 1172; x_wconf 65' lang='lat' dir='ltr'><strong>Missipaarios</strong></span> 
     </span>
     <span class='ocr_line' id='line_1_5' title="bbox 413 1167 1155 1253; baseline 0.003 -22"><span class='ocrx_word' id='word_1_19' title='bbox 413 1167 574 1251; x_wconf 83' lang='lat' dir='ltr'><strong>repuleras</strong></span> <span class='ocrx_word' id='word_1_20' title='bbox 596 1168 735 1253; x_wconf 78' lang='lat' dir='ltr'><strong>Aapliac</strong></span> <span class='ocrx_word' id='word_1_21' title='bbox 756 1173 785 1233; x_wconf 87' lang='lat' dir='ltr'><strong>ct</strong></span> <span class='ocrx_word' id='word_1_22' title='bbox 805 1168 927 1235; x_wconf 82' lang='lat' dir='ltr'><strong>Scolioe</strong></span> <span class='ocrx_word' id='word_1_23' title='bbox 949 1169 1155 1253; x_wconf 75' lang='lat' dir='ltr'><strong>definiantur:</strong></span> 
     </span>
    </p>
   </div>
   <div class='ocr_carea' id='block_1_4' title="bbox 304 1306 1269 1513">
    <p class='ocr_par' dir='ltr' id='par_1_4' title="bbox 304 1306 1269 1513">
     <span class='ocr_line' id='line_1_6' title="bbox 587 1306 984 1375; baseline 0.008 -4"><span class='ocrx_word' id='word_1_24' title='bbox 587 1306 681 1373; x_wconf 82' lang='lat' dir='ltr'><strong>LEO</strong></span> <span class='ocrx_word' id='word_1_25' title='bbox 703 1306 984 1375; x_wconf 80' lang='lat' dir='ltr'><strong>EPISOOPUS</strong></span> 
     </span>
     <span class='ocr_line' id='line_1_7' title="bbox 304 1426 1269 1513; baseline 0.003 -21"><span class='ocrx_word' id='word_1_26' title='bbox 304 1426 416 1493; x_wconf 85' lang='lat' dir='ltr'><strong>Servus</strong></span> <span class='ocrx_word' id='word_1_27' title='bbox 438 1426 601 1493; x_wconf 83' lang='lat' dir='ltr'><strong>Servorum</strong></span> <span class='ocrx_word' id='word_1_28' title='bbox 625 1427 693 1493; x_wconf 88' lang='lat' dir='ltr'><strong>Dei.</strong></span> <span class='ocrx_word' id='word_1_29' title='bbox 737 1428 787 1493; x_wconf 83' lang='lat' dir='ltr'><strong>Ad</strong></span> <span class='ocrx_word' id='word_1_30' title='bbox 809 1430 991 1513; x_wconf 91' lang='lat' dir='ltr'><strong>perpetuam</strong></span> <span class='ocrx_word' id='word_1_31' title='bbox 1012 1428 1058 1495; x_wconf 90' lang='lat' dir='ltr'><strong>roi</strong></span> <span class='ocrx_word' id='word_1_32' title='bbox 1080 1428 1269 1495; x_wconf 83' lang='lat' dir='ltr'><strong>memoriam.</strong></span> 
     </span>
    </p>
   </div>
   <div class='ocr_carea' id='block_1_5' title="bbox 267 1566 1543 1652">
    <p class='ocr_par' dir='ltr' id='par_1_5' title="bbox 267 1566 1543 1652">
     <span class='ocr_line' id='line_1_8' title="bbox 267 1566 1543 1652; baseline 0 -21"><span class='ocrx_word' id='word_1_33' title='bbox 267 1566 421 1632; x_wconf 89' lang='lat' dir='ltr'><strong>Romanos</strong></span> <span class='ocrx_word' id='word_1_34' title='bbox 445 1566 612 1633; x_wconf 90' lang='lat' dir='ltr'><strong>Pontifices</strong></span> <span class='ocrx_word' id='word_1_35' title='bbox 638 1568 820 1633; x_wconf 90' lang='lat' dir='ltr'><strong>Decessores</strong></span> <span class='ocrx_word' id='word_1_36' title='bbox 837 1569 967 1634; x_wconf 79' lang='lat' dir='ltr'>Nostros</span> <span class='ocrx_word' id='word_1_37' title='bbox 983 1569 1111 1651; x_wconf 91' lang='lat' dir='ltr'><strong>paterno</strong></span> <span class='ocrx_word' id='word_1_38' title='bbox 1129 1586 1249 1651; x_wconf 85' lang='lat' dir='ltr'><strong>semper</strong></span> <span class='ocrx_word' id='word_1_39' title='bbox 1264 1566 1410 1632; x_wconf 90' lang='lat' dir='ltr'><strong>caritatis</strong></span> <span class='ocrx_word' id='word_1_40' title='bbox 1542 1645 1543 1652; x_wconf 6' lang='grc' dir='ltr'>ἵ</span> 
     </span>
    </p>
   </div>
   <div class='ocr_carea' id='block_1_6' title="bbox 111 1670 1413 2997">
    <p class='ocr_par' dir='ltr' id='par_1_6' title="bbox 111 1670 1413 2997">
     <span class='ocr_line' id='line_1_9' title="bbox 164 1670 1409 1755; baseline 0 -20"><span class='ocrx_word' id='word_1_41' title='bbox 164 1670 276 1735; x_wconf 87' lang='lat' dir='ltr'><strong>affectu</strong></span> <span class='ocrx_word' id='word_1_42' title='bbox 299 1670 449 1755; x_wconf 74' lang='lat' dir='ltr'><strong>inclytam</strong></span> <span class='ocrx_word' id='word_1_43' title='bbox 466 1670 637 1755; x_wconf 81' lang='lat' dir='ltr'><strong>Anglorum</strong></span> <span class='ocrx_word' id='word_1_44' title='bbox 662 1672 788 1755; x_wconf 85' lang='lat' dir='ltr'><strong>gentem</strong></span> <span class='ocrx_word' id='word_1_45' title='bbox 810 1670 931 1749; x_wconf 80' lang='lat' dir='ltr'><strong>subisse,</strong></span> <span class='ocrx_word' id='word_1_46' title='bbox 955 1673 988 1736; x_wconf 91' lang='lat' dir='ltr'><strong>ct</strong></span> <span class='ocrx_word' id='word_1_47' title='bbox 1003 1670 1212 1737; x_wconf 83' lang='lat' dir='ltr'><strong>monumentis</strong></span> <span class='ocrx_word' id='word_1_48' title='bbox 1228 1671 1292 1735; x_wconf 88' lang='lat' dir='ltr'><strong>suis</strong></span> <span class='ocrx_word' id='word_1_49' title='bbox 1308 1672 1409 1736; x_wconf 60' lang='lat' dir='ltr'><strong>testa*</strong></span> 
     </span>
     <span class='ocr_line' id='line_1_10' title="bbox 111 1773 1411 1861; baseline 0.002 -23"><span class='ocrx_word' id='word_1_50' title='bbox 111 1856 113 1861; x_wconf 67' lang='lat'>,</span> <span class='ocrx_word' id='word_1_51' title='bbox 163 1775 216 1838; x_wconf 90' lang='lat' dir='ltr'><strong>tur</strong></span> <span class='ocrx_word' id='word_1_52' title='bbox 239 1774 379 1853; x_wconf 82' lang='lat' dir='ltr'><strong>historia,</strong></span> <span class='ocrx_word' id='word_1_53' title='bbox 404 1776 436 1839; x_wconf 91' lang='lat' dir='ltr'><strong>et</strong></span> <span class='ocrx_word' id='word_1_54' title='bbox 459 1773 557 1838; x_wconf 86' lang='lat' dir='ltr'><strong>felicis</strong></span> <span class='ocrx_word' id='word_1_55' title='bbox 581 1774 803 1838; x_wconf 87' lang='lat' dir='ltr'><strong>recordationis</strong></span> <span class='ocrx_word' id='word_1_56' title='bbox 826 1775 901 1839; x_wconf 91' lang='lat' dir='ltr'><strong>Pius</strong></span> <span class='ocrx_word' id='word_1_57' title='bbox 922 1774 976 1841; x_wconf 88' lang='lat' dir='ltr'><strong>IX.</strong></span> <span class='ocrx_word' id='word_1_58' title='bbox 997 1775 1029 1839; x_wconf 94' lang='lat' dir='ltr'><strong>in</strong></span> <span class='ocrx_word' id='word_1_59' title='bbox 1053 1774 1181 1839; x_wconf 86' lang='lat' dir='ltr'><strong>Litteris</strong></span> <span class='ocrx_word' id='word_1_60' title='bbox 1209 1774 1411 1861; x_wconf 71' lang='lat' dir='ltr'><strong>Universalis</strong></span> 
     </span>
     <span class='ocr_line' id='line_1_11' title="bbox 163 1877 1409 1945; baseline 0.001 -3"><span class='ocrx_word' id='word_1_61' title='bbox 163 1877 325 1943; x_wconf 75' lang='lat' dir='ltr'><strong>Ecclesiae</strong></span> <span class='ocrx_word' id='word_1_62' title='bbox 358 1879 388 1944; x_wconf 85' lang='lat'><strong>3.</strong></span> <span class='ocrx_word' id='word_1_63' title='bbox 421 1877 543 1945; x_wconf 81' lang='lat' dir='ltr'><strong>kalend.</strong></span> <span class='ocrx_word' id='word_1_64' title='bbox 576 1877 718 1944; x_wconf 77' lang='lat' dir='ltr'><strong>Octobris</strong></span> <span class='ocrx_word' id='word_1_65' title='bbox 752 1897 830 1943; x_wconf 90' lang='lat' dir='ltr'><strong>anno</strong></span> <span class='ocrx_word' id='word_1_66' title='bbox 863 1878 1088 1943; x_wconf 78' lang='lat' dir='ltr'><strong>iucarnationis</strong></span> <span class='ocrx_word' id='word_1_67' title='bbox 1118 1878 1298 1943; x_wconf 83' lang='lat' dir='ltr'><strong>Dominicae</strong></span> <span class='ocrx_word' id='word_1_68' title='bbox 1322 1878 1409 1943; x_wconf 82' lang='lat'>1850</span> 
     </span>
     <span class='ocr_line' id='line_1_12' title="bbox 163 1980 1411 2065; baseline 0 -21"><span class='ocrx_word' id='word_1_69' title='bbox 163 1980 257 2059; x_wconf 85' lang='lat' dir='ltr'><strong>datie,</strong></span> <span class='ocrx_word' id='word_1_70' title='bbox 278 1981 416 2065; x_wconf 83' lang='lat' dir='ltr'><strong>graviter</strong></span> <span class='ocrx_word' id='word_1_71' title='bbox 440 2000 476 2045; x_wconf 91' lang='lat' dir='ltr'><strong>ac</strong></span> <span class='ocrx_word' id='word_1_72' title='bbox 498 1980 613 2049; x_wconf 89' lang='lat' dir='ltr'><strong>diserte</strong></span> <span class='ocrx_word' id='word_1_73' title='bbox 636 1981 870 2047; x_wconf 87' lang='lat' dir='ltr'><strong>demonstravit.</strong></span> <span class='ocrx_word' id='word_1_74' title='bbox 916 1981 1017 2063; x_wconf 84' lang='lat' dir='ltr'><strong>Quum</strong></span> <span class='ocrx_word' id='word_1_75' title='bbox 1051 1984 1156 2047; x_wconf 90' lang='lat' dir='ltr'><strong>autem</strong></span> <span class='ocrx_word' id='word_1_76' title='bbox 1186 2001 1241 2065; x_wconf 90' lang='lat' dir='ltr'><strong>per</strong></span> <span class='ocrx_word' id='word_1_77' title='bbox 1263 2000 1316 2051; x_wconf 89' lang='lat' dir='ltr'><strong>cas</strong></span> <span class='ocrx_word' id='word_1_78' title='bbox 1339 1982 1411 2045; x_wconf 81' lang='lat' dir='ltr'><strong>Lit-</strong></span> 
     </span>
     <span class='ocr_line' id='line_1_13' title="bbox 163 2083 1409 2172; baseline 0 -23"><span class='ocrx_word' id='word_1_79' title='bbox 163 2086 247 2151; x_wconf 89' lang='lat' dir='ltr'><strong>teras</strong></span> <span class='ocrx_word' id='word_1_80' title='bbox 269 2083 473 2169; x_wconf 89' lang='lat' dir='ltr'><strong>episcopalem</strong></span> <span class='ocrx_word' id='word_1_81' title='bbox 497 2084 704 2150; x_wconf 84' lang='lat' dir='ltr'><strong>hierarchiam</strong></span> <span class='ocrx_word' id='word_1_82' title='bbox 728 2086 811 2150; x_wconf 91' lang='lat' dir='ltr'><strong>idem</strong></span> <span class='ocrx_word' id='word_1_83' title='bbox 827 2086 970 2151; x_wconf 81' lang='lat' dir='ltr'><strong>Pontifex</strong></span> <span class='ocrx_word' id='word_1_84' title='bbox 985 2086 1068 2150; x_wconf 87' lang='lat' dir='ltr'><strong>inter</strong></span> <span class='ocrx_word' id='word_1_85' title='bbox 1083 2086 1201 2172; x_wconf 81' lang='lat' dir='ltr'><strong>Anglos</strong></span> <span class='ocrx_word' id='word_1_86' title='bbox 1215 2086 1409 2164; x_wconf 86' lang='lat' dir='ltr'><strong>restitueret,</strong></span> 
     </span>
     <span class='ocr_line' id='line_1_14' title="bbox 164 2180 1411 2273; baseline 0.001 -20"><span class='ocrx_word' id='word_1_87' title='bbox 164 2180 337 2255; x_wconf 83' lang='lat' dir='ltr'><strong>cumulavit</strong></span> <span class='ocrx_word' id='word_1_88' title='bbox 358 2188 600 2272; x_wconf 82' lang='lat' dir='ltr'><strong>quodammodo,</strong></span> <span class='ocrx_word' id='word_1_89' title='bbox 624 2191 775 2273; x_wconf 86' lang='lat' dir='ltr'><strong>quantum</strong></span> <span class='ocrx_word' id='word_1_90' title='bbox 795 2192 970 2273; x_wconf 89' lang='lat' dir='ltr'><strong>temporum</strong></span> <span class='ocrx_word' id='word_1_91' title='bbox 992 2190 1072 2255; x_wconf 86' lang='lat' dir='ltr'><strong>ratio</strong></span> <span class='ocrx_word' id='word_1_92' title='bbox 1095 2189 1232 2268; x_wconf 89' lang='lat' dir='ltr'><strong>sinebat,</strong></span> <span class='ocrx_word' id='word_1_93' title='bbox 1256 2209 1293 2254; x_wconf 89' lang='lat' dir='ltr'><strong>ea</strong></span> <span class='ocrx_word' id='word_1_94' title='bbox 1315 2190 1411 2254; x_wconf 93' lang='lat' dir='ltr'><strong>bene·</strong></span> 
     </span>
     <span class='ocr_line' id='line_1_15' title="bbox 164 2292 1411 2377; baseline 0 -20"><span class='ocrx_word' id='word_1_95' title='bbox 164 2294 250 2358; x_wconf 88' lang='lat' dir='ltr'><strong>facta</strong></span> <span class='ocrx_word' id='word_1_96' title='bbox 271 2292 383 2377; x_wconf 88' lang='lat' dir='ltr'><strong>quibus</strong></span> <span class='ocrx_word' id='word_1_97' title='bbox 406 2293 585 2376; x_wconf 84' lang='lat' dir='ltr'><strong>Apostolica</strong></span> <span class='ocrx_word' id='word_1_98' title='bbox 605 2292 700 2360; x_wconf 84' lang='lat' dir='ltr'><strong>Sedes</strong></span> <span class='ocrx_word' id='word_1_99' title='bbox 723 2294 879 2359; x_wconf 89' lang='lat' dir='ltr'><strong>nationem</strong></span> <span class='ocrx_word' id='word_1_100' title='bbox 897 2293 986 2359; x_wconf 91' lang='lat' dir='ltr'><strong>illam</strong></span> <span class='ocrx_word' id='word_1_101' title='bbox 1005 2293 1108 2358; x_wconf 86' lang='lat' dir='ltr'><strong>tuerat</strong></span> <span class='ocrx_word' id='word_1_102' title='bbox 1129 2295 1327 2377; x_wconf 87' lang='lat' dir='ltr'><strong>prosequuta.</strong></span> <span class='ocrx_word' id='word_1_103' title='bbox 1362 2294 1411 2358; x_wconf 84' lang='lat' dir='ltr'><strong>Ex</strong></span> 
     </span>
     <span class='ocr_line' id='line_1_16' title="bbox 164 2396 1411 2481; baseline 0 -20"><span class='ocrx_word' id='word_1_104' title='bbox 164 2397 349 2463; x_wconf 86' lang='lat' dir='ltr'><strong>dioecesium</strong></span> <span class='ocrx_word' id='word_1_105' title='bbox 384 2397 465 2463; x_wconf 89' lang='lat' dir='ltr'><strong>enim</strong></span> <span class='ocrx_word' id='word_1_106' title='bbox 499 2398 695 2463; x_wconf 86' lang='lat' dir='ltr'><strong>restitutione</strong></span> <span class='ocrx_word' id='word_1_107' title='bbox 729 2418 800 2481; x_wconf 85' lang='lat' dir='ltr'><strong>pars</strong></span> <span class='ocrx_word' id='word_1_108' title='bbox 830 2399 886 2463; x_wconf 93' lang='lat' dir='ltr'><strong>illa</strong></span> <span class='ocrx_word' id='word_1_109' title='bbox 918 2397 1064 2463; x_wconf 89' lang='lat' dir='ltr'><strong>dominici</strong></span> <span class='ocrx_word' id='word_1_110' title='bbox 1092 2396 1197 2481; x_wconf 86' lang='lat' dir='ltr'><strong>gregis</strong></span> <span class='ocrx_word' id='word_1_111' title='bbox 1219 2398 1259 2462; x_wconf 90' lang='lat' dir='ltr'><strong>ad</strong></span> <span class='ocrx_word' id='word_1_112' title='bbox 1282 2396 1411 2480; x_wconf 87' lang='lat' dir='ltr'><strong>nuptias</strong></span> 
     </span>
     <span class='ocr_line' id='line_1_17' title="bbox 164 2486 1411 2587; baseline 0 -22"><span class='ocrx_word' id='word_1_113' title='bbox 164 2500 248 2585; x_wconf 83' lang='lat' dir='ltr'><strong>Agui</strong></span> <span class='ocrx_word' id='word_1_114' title='bbox 271 2500 414 2568; x_wconf 88' lang='lat' dir='ltr'><strong>caelestis</strong></span> <span class='ocrx_word' id='word_1_115' title='bbox 435 2501 500 2585; x_wconf 90' lang='lat' dir='ltr'><strong>jam</strong></span> <span class='ocrx_word' id='word_1_116' title='bbox 525 2504 703 2580; x_wconf 76' lang='lat' dir='ltr'><strong>vocata-ac</strong></span> <span class='ocrx_word' id='word_1_117' title='bbox 718 2502 849 2587; x_wconf 87' lang='lat' dir='ltr'><strong>mystico</strong></span> <span class='ocrx_word' id='word_1_118' title='bbox 865 2501 941 2585; x_wconf 83' lang='lat' dir='ltr'><strong>Ejus</strong></span> <span class='ocrx_word' id='word_1_119' title='bbox 957 2502 1074 2583; x_wconf 87' lang='lat' dir='ltr'><strong>corpori</strong></span> <span class='ocrx_word' id='word_1_120' title='bbox 1089 2501 1216 2580; x_wconf 85' lang='lat' dir='ltr'><strong>sociata,</strong></span> <span class='ocrx_word' id='word_1_121' title='bbox 1238 2486 1411 2583; x_wconf 87' lang='lat' dir='ltr'><strong>pleniorem</strong></span> 
     </span>
     <span class='ocr_line' id='line_1_18' title="bbox 165 2604 1412 2689; baseline -0.002 -19"><span class='ocrx_word' id='word_1_122' title='bbox 165 2606 306 2671; x_wconf 82' lang='lat' dir='ltr'><strong>veritatis</strong></span> <span class='ocrx_word' id='word_1_123' title='bbox 328 2605 558 2689; x_wconf 42' lang='lat' dir='ltr'><strong>atque&#39;ordinis</strong></span> <span class='ocrx_word' id='word_1_124' title='bbox 582 2605 767 2687; x_wconf 86' lang='lat' dir='ltr'><strong>firmitatem</strong></span> <span class='ocrx_word' id='word_1_125' title='bbox 786 2624 840 2689; x_wconf 88' lang='lat' dir='ltr'><strong>per</strong></span> <span class='ocrx_word' id='word_1_126' title='bbox 863 2605 1083 2688; x_wconf 84' lang='lat' dir='ltr'><strong>Episcoporum</strong></span> <span class='ocrx_word' id='word_1_127' title='bbox 1103 2604 1359 2689; x_wconf 84' lang='lat' dir='ltr'><strong>gubernationem</strong></span> <span class='ocrx_word' id='word_1_128' title='bbox 1375 2606 1412 2668; x_wconf 90' lang='lat' dir='ltr'><strong>et</strong></span> 
     </span>
     <span class='ocr_line' id='line_1_19' title="bbox 164 2706 1411 2798; baseline -0.003 -24"><span class='ocrx_word' id='word_1_129' title='bbox 164 2710 302 2793; x_wconf 86' lang='lat' dir='ltr'><strong>regimen</strong></span> <span class='ocrx_word' id='word_1_130' title='bbox 325 2728 430 2773; x_wconf 89' lang='lat' dir='ltr'><strong>rursus</strong></span> <span class='ocrx_word' id='word_1_131' title='bbox 454 2706 566 2791; x_wconf 90' lang='lat' dir='ltr'><strong>adepta</strong></span> <span class='ocrx_word' id='word_1_132' title='bbox 590 2709 647 2773; x_wconf 90' lang='lat' dir='ltr'><strong>est.</strong></span> <span class='ocrx_word' id='word_1_133' title='bbox 692 2708 845 2798; x_wconf 73' lang='lat' dir='ltr'><strong>Episcopi</strong></span> <span class='ocrx_word' id='word_1_134' title='bbox 872 2710 1000 2792; x_wconf 62' lang='lat' dir='ltr'><strong>panope,</strong></span> <span class='ocrx_word' id='word_1_135' title='bbox 1034 2709 1135 2791; x_wconf 87' lang='lat' dir='ltr'><strong>inquit</strong></span> <span class='ocrx_word' id='word_1_136' title='bbox 1159 2707 1190 2774; x_wconf 88' lang='lat' dir='ltr'><strong>S.</strong></span> <span class='ocrx_word' id='word_1_137' title='bbox 1214 2708 1361 2793; x_wconf 85' lang='lat' dir='ltr'><strong>Irenaeus</strong></span> <span class='ocrx_word' id='word_1_138' title='bbox 1371 2709 1411 2792; x_wconf 83' lang='lat'><strong>¹),</strong></span> 
     </span>
     <span class='ocr_line' id='line_1_20' title="bbox 163 2811 1413 2894; baseline -0.001 -17"><span class='ocrx_word' id='word_1_139' title='bbox 163 2814 389 2878; x_wconf 82' lang='lat' dir='ltr'><strong>successionem</strong></span> <span class='ocrx_word' id='word_1_140' title='bbox 410 2811 527 2877; x_wconf 84' lang='lat' dir='ltr'><strong>babeat</strong></span> <span class='ocrx_word' id='word_1_141' title='bbox 545 2813 585 2878; x_wconf 90' lang='lat' dir='ltr'><strong>ab</strong></span> <span class='ocrx_word' id='word_1_142' title='bbox 607 2812 786 2893; x_wconf 82' lang='lat' dir='ltr'><strong>Apostolis‚</strong></span> <span class='ocrx_word' id='word_1_143' title='bbox 809 2813 863 2894; x_wconf 80' lang='lat' dir='ltr'><strong>pai</strong></span> <span class='ocrx_word' id='word_1_144' title='bbox 888 2831 959 2877; x_wconf 83' lang='lat' dir='ltr'><strong>com</strong></span> <span class='ocrx_word' id='word_1_145' title='bbox 979 2812 1193 2893; x_wconf 63' lang='lat' dir='ltr'><strong>Eriscopatas</strong></span> <span class='ocrx_word' id='word_1_146' title='bbox 1214 2812 1413 2877; x_wconf 81' lang='lat' dir='ltr'><strong>successione</strong></span> 
     </span>
     <span class='ocr_line' id='line_1_21' title="bbox 163 2914 1412 2997; baseline 0.001 -14"><span class='ocrx_word' id='word_1_147' title='bbox 163 2918 324 2983; x_wconf 75' lang='lat' dir='ltr'><strong>charisma</strong></span> <span class='ocrx_word' id='word_1_148' title='bbox 342 2917 486 2982; x_wconf 81' lang='lat' dir='ltr'><strong>veritatis</strong></span> <span class='ocrx_word' id='word_1_149' title='bbox 508 2914 642 2994; x_wconf 76' lang='lat' dir='ltr'><strong>certam,</strong></span> <span class='ocrx_word' id='word_1_150' title='bbox 675 2916 843 2981; x_wconf 72' lang='lat' dir='ltr'><strong>sectandum</strong></span> <span class='ocrx_word' id='word_1_151' title='bbox 874 2916 1031 2997; x_wconf 83' lang='lat' dir='ltr'><strong>placitam</strong></span> <span class='ocrx_word' id='word_1_152' title='bbox 1065 2915 1178 2981; x_wconf 87' lang='lat' dir='ltr'><strong>Patris</strong></span> <span class='ocrx_word' id='word_1_153' title='bbox 1205 2922 1412 2996; x_wconf 74' lang='lat' dir='ltr'><strong>acceperam:</strong></span> 
     </span>
    </p>
   </div>
   <div class='ocr_carea' id='block_1_7' title="bbox 164 3018 1543 3106">
    <p class='ocr_par' dir='ltr' id='par_1_7' title="bbox 164 3018 1543 3106">
     <span class='ocr_line' id='line_1_22' title="bbox 164 3018 1543 3106; baseline -0.004 -22"><span class='ocrx_word' id='word_1_154' title='bbox 164 3024 257 3105; x_wconf 91' lang='lat' dir='ltr'><strong>atque</strong></span> <span class='ocrx_word' id='word_1_155' title='bbox 279 3020 351 3084; x_wconf 90' lang='lat' dir='ltr'><strong>inde</strong></span> <span class='ocrx_word' id='word_1_156' title='bbox 374 3020 424 3098; x_wconf 84' lang='lat' dir='ltr'><strong>fit,</strong></span> <span class='ocrx_word' id='word_1_157' title='bbox 459 3019 718 3104; x_wconf 84' lang='lat' dir='ltr'><strong>quemadmodum</strong></span> <span class='ocrx_word' id='word_1_158' title='bbox 753 3018 784 3085; x_wconf 86' lang='lat' dir='ltr'><strong>S.</strong></span> <span class='ocrx_word' id='word_1_159' title='bbox 808 3018 980 3105; x_wconf 79' lang='lat' dir='ltr'><strong>Cyprianus</strong></span> <span class='ocrx_word' id='word_1_160' title='bbox 1011 3020 1116 3086; x_wconf 90' lang='lat' dir='ltr'><strong>monet</strong></span> <span class='ocrx_word' id='word_1_161' title='bbox 1125 3019 1167 3106; x_wconf 82' lang='lat'><strong>²),</strong></span> <span class='ocrx_word' id='word_1_162' title='bbox 1199 3026 1234 3084; x_wconf 85' lang='lat' dir='ltr'><strong>ut</strong></span> <span class='ocrx_word' id='word_1_163' title='bbox 1262 3018 1413 3084; x_wconf 80' lang='lat' dir='ltr'><strong>Ecclesia</strong></span> <span class='ocrx_word' id='word_1_164' title='bbox 1542 3071 1543 3078; x_wconf 74' lang='grc'>,</span> 
     </span>
    </p>
   </div>
   <div class='ocr_carea' id='block_1_8' title="bbox 163 3122 1412 3311">
    <p class='ocr_par' dir='ltr' id='par_1_8' title="bbox 163 3122 1412 3311">
     <span class='ocr_line' id='line_1_23' title="bbox 163 3122 1412 3215; baseline -0.003 -24"><span class='ocrx_word' id='word_1_165' title='bbox 163 3146 257 3207; x_wconf 81' lang='lat' dir='ltr'><strong>saper</strong></span> <span class='ocrx_word' id='word_1_166' title='bbox 285 3124 458 3207; x_wconf 61' lang='lat' dir='ltr'><strong>Eoucopos</strong></span> <span class='ocrx_word' id='word_1_167' title='bbox 488 3124 695 3211; x_wconf 77' lang='lat' dir='ltr'><strong>constituatur</strong></span> <span class='ocrx_word' id='word_1_168' title='bbox 715 3128 752 3215; x_wconf 28' lang='lat' dir='ltr'><strong>fet</strong></span> <span class='ocrx_word' id='word_1_169' title='bbox 781 3122 885 3189; x_wconf 78' lang='lat' dir='ltr'><strong>omnis</strong></span> <span class='ocrx_word' id='word_1_170' title='bbox 911 3129 1000 3190; x_wconf 83' lang='lat' dir='ltr'><strong>actas</strong></span> <span class='ocrx_word' id='word_1_171' title='bbox 1021 3122 1185 3190; x_wconf 83' lang='lat' dir='ltr'><strong>Ecclesiae</strong></span> <span class='ocrx_word' id='word_1_172' title='bbox 1200 3143 1263 3203; x_wconf 81' lang='lat' dir='ltr'><strong>per</strong></span> <span class='ocrx_word' id='word_1_173' title='bbox 1285 3122 1412 3188; x_wconf 84' lang='lat' dir='ltr'><strong>eosdem</strong></span> 
     </span>
     <span class='ocr_line' id='line_1_24' title="bbox 163 3226 690 3311; baseline -0.004 -18"><span class='ocrx_word' id='word_1_174' title='bbox 163 3226 369 3311; x_wconf 79' lang='lat' dir='ltr'><strong>Praepositae</strong></span> <span class='ocrx_word' id='word_1_175' title='bbox 389 3229 587 3309; x_wconf 81' lang='lat' dir='ltr'><strong>pubernelar.</strong></span> <span class='ocrx_word' id='word_1_176' title='bbox 678 3230 690 3302; x_wconf 71' lang='lat' dir='ltr'><em>f</em></span> 
     </span>
    </p>
   </div>
   <div class='ocr_carea' id='block_1_9' title="bbox 60 3323 1544 3518">
    <p class='ocr_par' dir='ltr' id='par_1_9' title="bbox 60 3323 1544 3518">
     <span class='ocr_line' id='line_1_25' title="bbox 268 3323 1544 3413; baseline -0.002 -19"><span class='ocrx_word' id='word_1_177' title='bbox 268 3330 350 3395; x_wconf 89' lang='lat' dir='ltr'><strong>Huic</strong></span> <span class='ocrx_word' id='word_1_178' title='bbox 373 3349 447 3395; x_wconf 90' lang='lat' dir='ltr'><strong>sane</strong></span> <span class='ocrx_word' id='word_1_179' title='bbox 469 3330 602 3413; x_wconf 90' lang='lat' dir='ltr'><strong>sapienti</strong></span> <span class='ocrx_word' id='word_1_180' title='bbox 634 3328 760 3395; x_wconf 91' lang='lat' dir='ltr'><strong>consilio</strong></span> <span class='ocrx_word' id='word_1_181' title='bbox 794 3327 924 3395; x_wconf 88' lang='lat' dir='ltr'><strong>mirifico</strong></span> <span class='ocrx_word' id='word_1_182' title='bbox 953 3325 1111 3412; x_wconf 92' lang='lat' dir='ltr'><strong>respondit</strong></span> <span class='ocrx_word' id='word_1_183' title='bbox 1136 3330 1282 3406; x_wconf 66' lang='lat' dir='ltr'><strong>eventum</strong></span> <span class='ocrx_word' id='word_1_184' title='bbox 1317 3328 1411 3411; x_wconf 88' lang='lat' dir='ltr'><strong>plura</strong></span> <span class='ocrx_word' id='word_1_185' title='bbox 1542 3323 1544 3406; x_wconf 67' lang='grc' dir='ltr'><em>ῗ</em></span> 
     </span>
     <span class='ocr_line' id='line_1_26' title="bbox 60 3429 1543 3518; baseline -0.003 -19"><span class='ocrx_word' id='word_1_186' title='bbox 60 3487 64 3491; x_wconf 93' lang='grc'><em>.</em></span> <span class='ocrx_word' id='word_1_187' title='bbox 164 3434 310 3499; x_wconf 88' lang='lat' dir='ltr'><strong>nimirum</strong></span> <span class='ocrx_word' id='word_1_188' title='bbox 333 3432 471 3498; x_wconf 81' lang='lat' dir='ltr'><strong>Concilia</strong></span> <span class='ocrx_word' id='word_1_189' title='bbox 493 3432 694 3516; x_wconf 84' lang='lat' dir='ltr'><strong>provincialia</strong></span> <span class='ocrx_word' id='word_1_190' title='bbox 717 3434 892 3512; x_wconf 85' lang='lat' dir='ltr'><strong>celebrata,</strong></span> <span class='ocrx_word' id='word_1_191' title='bbox 927 3452 1005 3518; x_wconf 89' lang='lat' dir='ltr'><strong>quae</strong></span> <span class='ocrx_word' id='word_1_192' title='bbox 1039 3432 1252 3499; x_wconf 86' lang='lat' dir='ltr'><strong>saluberrimis</strong></span> <span class='ocrx_word' id='word_1_193' title='bbox 1284 3432 1410 3515; x_wconf 85' lang='lat' dir='ltr'><strong>legibus</strong></span> <span class='ocrx_word' id='word_1_194' title='bbox 1542 3429 1543 3444; x_wconf 60' lang='lat'>¹</span> 
     </span>
    </p>
   </div>
   <div class='ocr_carea' id='block_1_10' title="bbox 71 3533 1490 3935">
    <p class='ocr_par' dir='ltr' id='par_1_10' title="bbox 71 3533 1490 3935">
     <span class='ocr_line' id='line_1_27' title="bbox 165 3533 1490 3628; baseline -0.002 -27"><span class='ocrx_word' id='word_1_195' title='bbox 165 3538 310 3621; x_wconf 84' lang='lat' dir='ltr'><strong>religiosa</strong></span> <span class='ocrx_word' id='word_1_196' title='bbox 336 3536 520 3601; x_wconf 89' lang='lat' dir='ltr'><strong>dioecesium</strong></span> <span class='ocrx_word' id='word_1_197' title='bbox 552 3538 676 3622; x_wconf 83' lang='lat' dir='ltr'><strong>negotia</strong></span> <span class='ocrx_word' id='word_1_198' title='bbox 708 3536 908 3603; x_wconf 89' lang='lat' dir='ltr'><strong>ordinarunt:</strong></span> <span class='ocrx_word' id='word_1_199' title='bbox 943 3536 1040 3628; x_wconf 85' lang='lat' dir='ltr'><strong>latius</strong></span> <span class='ocrx_word' id='word_1_200' title='bbox 1073 3538 1245 3621; x_wconf 84' lang='lat' dir='ltr'><strong>propagata</strong></span> <span class='ocrx_word' id='word_1_201' title='bbox 1277 3537 1309 3600; x_wconf 90' lang='lat' dir='ltr'><strong>in</strong></span> <span class='ocrx_word' id='word_1_202' title='bbox 1342 3536 1410 3600; x_wconf 90' lang='lat' dir='ltr'><strong>dies</strong></span> <span class='ocrx_word' id='word_1_203' title='bbox 1485 3533 1490 3548; x_wconf 96' lang='lat'><em>&#39;</em></span> 
     </span>
     <span class='ocr_line' id='line_1_28' title="bbox 71 3638 1410 3733; baseline -0.003 -26"><span class='ocrx_word' id='word_1_204' title='bbox 71 3638 73 3643; x_wconf 71' lang='grc'>’</span> <span class='ocrx_word' id='word_1_205' title='bbox 163 3641 320 3707; x_wconf 90' lang='lat' dir='ltr'><strong>catholica</strong></span> <span class='ocrx_word' id='word_1_206' title='bbox 342 3642 431 3720; x_wconf 86' lang='lat' dir='ltr'><strong>fides,</strong></span> <span class='ocrx_word' id='word_1_207' title='bbox 466 3644 499 3706; x_wconf 93' lang='lat' dir='ltr'><strong>et</strong></span> <span class='ocrx_word' id='word_1_208' title='bbox 531 3640 702 3724; x_wconf 91' lang='lat' dir='ltr'><strong>complures</strong></span> <span class='ocrx_word' id='word_1_209' title='bbox 736 3641 900 3733; x_wconf 78' lang='lat' dir='ltr'><strong>nobilitate</strong></span> <span class='ocrx_word' id='word_1_210' title='bbox 934 3642 1057 3726; x_wconf 86' lang='lat' dir='ltr'><strong>generis</strong></span> <span class='ocrx_word' id='word_1_211' title='bbox 1090 3642 1122 3705; x_wconf 90' lang='lat' dir='ltr'><strong>et</strong></span> <span class='ocrx_word' id='word_1_212' title='bbox 1156 3640 1297 3706; x_wconf 85' lang='lat' dir='ltr'><strong>doctriua</strong></span> <span class='ocrx_word' id='word_1_213' title='bbox 1319 3660 1410 3723; x_wconf 87' lang='lat' dir='ltr'><strong>prae-</strong></span> 
     </span>
     <span class='ocr_line' id='line_1_29' title="bbox 164 3744 1408 3813; baseline -0.003 -2"><span class='ocrx_word' id='word_1_214' title='bbox 164 3748 284 3812; x_wconf 88' lang='lat' dir='ltr'><strong>stantes</strong></span> <span class='ocrx_word' id='word_1_215' title='bbox 317 3746 357 3810; x_wconf 86' lang='lat' dir='ltr'><strong>ad</strong></span> <span class='ocrx_word' id='word_1_216' title='bbox 384 3744 538 3810; x_wconf 87' lang='lat' dir='ltr'><strong>unitatem</strong></span> <span class='ocrx_word' id='word_1_217' title='bbox 567 3744 723 3810; x_wconf 85' lang='lat' dir='ltr'><strong>Ecclesiae</strong></span> <span class='ocrx_word' id='word_1_218' title='bbox 757 3745 911 3813; x_wconf 84' lang='lat' dir='ltr'><strong>revocati:</strong></span> <span class='ocrx_word' id='word_1_219' title='bbox 946 3747 1047 3813; x_wconf 91' lang='lat' dir='ltr'><strong>clerus</strong></span> <span class='ocrx_word' id='word_1_220' title='bbox 1082 3744 1248 3809; x_wconf 89' lang='lat' dir='ltr'><strong>admodum</strong></span> <span class='ocrx_word' id='word_1_221' title='bbox 1279 3744 1408 3808; x_wconf 87' lang='lat' dir='ltr'><strong>auctus:</strong></span> 
     </span>
     <span class='ocr_line' id='line_1_30' title="bbox 163 3846 1406 3935; baseline -0.003 -19"><span class='ocrx_word' id='word_1_222' title='bbox 163 3853 271 3916; x_wconf 90' lang='lat' dir='ltr'><strong>auctae</strong></span> <span class='ocrx_word' id='word_1_223' title='bbox 303 3849 420 3935; x_wconf 89' lang='lat' dir='ltr'><strong>pariter</strong></span> <span class='ocrx_word' id='word_1_224' title='bbox 444 3849 608 3934; x_wconf 86' lang='lat' dir='ltr'><strong>religiosae</strong></span> <span class='ocrx_word' id='word_1_225' title='bbox 631 3848 739 3915; x_wconf 90' lang='lat' dir='ltr'><strong>domus</strong></span> <span class='ocrx_word' id='word_1_226' title='bbox 762 3869 822 3915; x_wconf 91' lang='lat' dir='ltr'><strong>non</strong></span> <span class='ocrx_word' id='word_1_227' title='bbox 845 3849 936 3916; x_wconf 91' lang='lat' dir='ltr'><strong>modo</strong></span> <span class='ocrx_word' id='word_1_228' title='bbox 959 3870 994 3916; x_wconf 82' lang='lat' dir='ltr'><strong>ex</strong></span> <span class='ocrx_word' id='word_1_229' title='bbox 1017 3848 1213 3934; x_wconf 84' lang='lat' dir='ltr'><strong>regularibus</strong></span> <span class='ocrx_word' id='word_1_230' title='bbox 1238 3846 1406 3927; x_wconf 89' lang='lat' dir='ltr'><strong>ordinibus,</strong></span> 
     </span>
    </p>
   </div>
   <div class='ocr_carea' id='block_1_11' title="bbox 163 3951 1543 4039">
    <p class='ocr_par' dir='ltr' id='par_1_11' title="bbox 163 3951 1543 4039">
     <span class='ocr_line' id='line_1_31' title="bbox 163 3951 1543 4039; baseline -0.004 -20"><span class='ocrx_word' id='word_1_231' title='bbox 163 3954 216 4020; x_wconf 90' lang='lat' dir='ltr'><strong>sed</strong></span> <span class='ocrx_word' id='word_1_232' title='bbox 239 3974 274 4019; x_wconf 83' lang='lat' dir='ltr'><strong>ex</strong></span> <span class='ocrx_word' id='word_1_233' title='bbox 297 3955 335 4020; x_wconf 92' lang='lat' dir='ltr'><strong>iis</strong></span> <span class='ocrx_word' id='word_1_234' title='bbox 358 3954 453 4019; x_wconf 90' lang='lat' dir='ltr'><strong>etiam</strong></span> <span class='ocrx_word' id='word_1_235' title='bbox 476 3954 698 4020; x_wconf 89' lang='lat' dir='ltr'><strong>recentioribus</strong></span> <span class='ocrx_word' id='word_1_236' title='bbox 721 3954 886 4034; x_wconf 88' lang='lat' dir='ltr'><strong>institutis,</strong></span> <span class='ocrx_word' id='word_1_237' title='bbox 910 3974 990 4039; x_wconf 89' lang='lat' dir='ltr'><strong>quae</strong></span> <span class='ocrx_word' id='word_1_238' title='bbox 1013 3952 1209 4020; x_wconf 89' lang='lat' dir='ltr'><strong>moderandis</strong></span> <span class='ocrx_word' id='word_1_239' title='bbox 1230 3951 1409 4017; x_wconf 89' lang='lat' dir='ltr'><strong>adolescen-</strong></span> <span class='ocrx_word' id='word_1_240' title='bbox 1542 3983 1543 4002; x_wconf 37' lang='grc' dir='ltr'><strong>κ</strong></span> 
     </span>
    </p>
   </div>
   <div class='ocr_carea' id='block_1_12' title="bbox 163 4049 1405 4141">
    <p class='ocr_par' dir='ltr' id='par_1_12' title="bbox 163 4049 1405 4141">
     <span class='ocr_line' id='line_1_32' title="bbox 163 4049 1405 4141; baseline -0.002 -19"><span class='ocrx_word' id='word_1_241' title='bbox 163 4058 243 4123; x_wconf 91' lang='lat' dir='ltr'><strong>tium</strong></span> <span class='ocrx_word' id='word_1_242' title='bbox 266 4056 421 4137; x_wconf 89' lang='lat' dir='ltr'><strong>moribus,</strong></span> <span class='ocrx_word' id='word_1_243' title='bbox 453 4058 501 4123; x_wconf 89' lang='lat' dir='ltr'><strong>vel</strong></span> <span class='ocrx_word' id='word_1_244' title='bbox 532 4058 674 4125; x_wconf 88' lang='lat' dir='ltr'><strong>caritatis</strong></span> <span class='ocrx_word' id='word_1_245' title='bbox 703 4055 845 4141; x_wconf 84' lang='lat' dir='ltr'><strong>operibus</strong></span> <span class='ocrx_word' id='word_1_246' title='bbox 870 4057 1046 4125; x_wconf 83' lang='lat' dir='ltr'><strong>exercendis</strong></span> <span class='ocrx_word' id='word_1_247' title='bbox 1064 4055 1185 4141; x_wconf 47' lang='lat' dir='ltr'><strong>*optime</strong></span> <span class='ocrx_word' id='word_1_248' title='bbox 1208 4056 1245 4121; x_wconf 90' lang='lat' dir='ltr'><strong>de</strong></span> <span class='ocrx_word' id='word_1_249' title='bbox 1267 4074 1299 4121; x_wconf 93' lang='lat' dir='ltr'><strong>re</strong></span> <span class='ocrx_word' id='word_1_250' title='bbox 1318 4049 1405 4124; x_wconf 88' lang='lat' dir='ltr'><strong>chri·-</strong></span> 
     </span>
    </p>
   </div>
   <div class='ocr_carea' id='block_1_13' title="bbox 163 4157 1543 4245">
    <p class='ocr_par' dir='ltr' id='par_1_13' title="bbox 163 4157 1543 4245">
     <span class='ocr_line' id='line_1_33' title="bbox 163 4157 1543 4245; baseline -0.004 -18"><span class='ocrx_word' id='word_1_251' title='bbox 163 4162 266 4227; x_wconf 90' lang='lat' dir='ltr'><strong>stiana</strong></span> <span class='ocrx_word' id='word_1_252' title='bbox 289 4163 320 4227; x_wconf 91' lang='lat' dir='ltr'><strong>et</strong></span> <span class='ocrx_word' id='word_1_253' title='bbox 340 4160 424 4227; x_wconf 88' lang='lat' dir='ltr'><strong>civili</strong></span> <span class='ocrx_word' id='word_1_254' title='bbox 448 4162 596 4243; x_wconf 79' lang='lat' dir='ltr'><strong>societate</strong></span> <span class='ocrx_word' id='word_1_255' title='bbox 618 4165 814 4229; x_wconf 89' lang='lat' dir='ltr'><strong>meruerunt:</strong></span> <span class='ocrx_word' id='word_1_256' title='bbox 849 4162 1021 4230; x_wconf 89' lang='lat' dir='ltr'><strong>constituta</strong></span> <span class='ocrx_word' id='word_1_257' title='bbox 1053 4162 1105 4245; x_wconf 89' lang='lat' dir='ltr'><strong>pia</strong></span> <span class='ocrx_word' id='word_1_258' title='bbox 1134 4161 1284 4227; x_wconf 90' lang='lat' dir='ltr'><strong>laicorum</strong></span> <span class='ocrx_word' id='word_1_259' title='bbox 1312 4157 1406 4223; x_wconf 86' lang='lat' dir='ltr'><strong>soda-</strong></span> <span class='ocrx_word' id='word_1_260' title='bbox 1542 4189 1543 4192; x_wconf 36' lang='lat'>¹</span> 
     </span>
    </p>
   </div>
   <div class='ocr_carea' id='block_1_14' title="bbox 168 4304 478 4317">
    <p class='ocr_par' dir='ltr' id='par_1_14' title="bbox 168 4304 478 4317">
     <span class='ocr_line' id='line_1_34' title="bbox 168 4304 478 4317; baseline 0 -2"><span class='ocrx_word' id='word_1_261' title='bbox 168 4304 478 4317; x_wconf 76' lang='lat'><strong>-——</strong></span> 
     </span>
    </p>
   </div>
   <div class='ocr_carea' id='block_1_15' title="bbox 269 4370 849 4440">
    <p class='ocr_par' dir='ltr' id='par_1_15' title="bbox 269 4370 849 4440">
     <span class='ocr_line' id='line_1_35' title="bbox 269 4370 849 4440; baseline 0.002 -17"><span class='ocrx_word' id='word_1_262' title='bbox 269 4370 295 4439; x_wconf 91' lang='lat'><strong>1)</strong></span> <span class='ocrx_word' id='word_1_263' title='bbox 316 4372 391 4426; x_wconf 83' lang='lat' dir='ltr'><strong>Adv.</strong></span> <span class='ocrx_word' id='word_1_264' title='bbox 409 4373 493 4428; x_wconf 82' lang='lat' dir='ltr'><strong>beer.</strong></span> <span class='ocrx_word' id='word_1_265' title='bbox 511 4370 558 4426; x_wconf 86' lang='lat' dir='ltr'><strong>lib.</strong></span> <span class='ocrx_word' id='word_1_266' title='bbox 576 4370 624 4426; x_wconf 89' lang='lat' dir='ltr'><strong>IV.</strong></span> <span class='ocrx_word' id='word_1_267' title='bbox 642 4385 699 4440; x_wconf 87' lang='lat' dir='ltr'><strong>cap.</strong></span> <span class='ocrx_word' id='word_1_268' title='bbox 717 4370 760 4425; x_wconf 83' lang='grc'><strong>26.</strong></span> <span class='ocrx_word' id='word_1_269' title='bbox 779 4387 805 4425; x_wconf 90' lang='lat' dir='ltr'><strong>n.</strong></span> <span class='ocrx_word' id='word_1_270' title='bbox 823 4370 849 4424; x_wconf 77' lang='grc'><strong>2.</strong></span> 
     </span>
    </p>
   </div>
   <div class='ocr_carea' id='block_1_16' title="bbox 267 4454 711 4526">
    <p class='ocr_par' dir='ltr' id='par_1_16' title="bbox 267 4454 711 4526">
     <span class='ocr_line' id='line_1_36' title="bbox 267 4454 711 4526; baseline 0.007 -17"><span class='ocrx_word' id='word_1_271' title='bbox 267 4454 294 4523; x_wconf 78' lang='grc'><strong>2)</strong></span> <span class='ocrx_word' id='word_1_272' title='bbox 314 4456 399 4525; x_wconf 87' lang='lat' dir='ltr'><strong>Epist.</strong></span> <span class='ocrx_word' id='word_1_273' title='bbox 419 4458 461 4513; x_wconf 83' lang='lat'><strong>29.</strong></span> <span class='ocrx_word' id='word_1_274' title='bbox 482 4460 523 4513; x_wconf 87' lang='lat' dir='ltr'><strong>cd</strong></span> <span class='ocrx_word' id='word_1_275' title='bbox 542 4459 657 4526; x_wconf 83' lang='lat' dir='ltr'><strong>lapsos.</strong></span> <span class='ocrx_word' id='word_1_276' title='bbox 700 4471 711 4477; x_wconf 89' lang='lat'>·</span> 
     </span>
    </p>
   </div>
   <div class='ocr_carea' id='block_1_17' title="bbox 0 0 1560 4859">
    <p class='ocr_par' dir='ltr' id='par_1_17' title="bbox 0 0 1560 4859">
     <span class='ocr_line' id='line_1_37' title="bbox 0 0 1560 4859; baseline 0 0"><span class='ocrx_word' id='word_1_277' title='bbox 0 0 1560 4859; x_wconf 95' lang='lat' dir='ltr'><strong> </strong></span> 
     </span>
    </p>
   </div>
  </div>
 </body>
</html>
