3109 4859
179 80 243 169 264
286 100 313 175 'A
335 98 445 191 &cupra
463 96 585 190 indulp.
606 94 632 173 i.
652 97 888 193 Apriliddide
908 100 996 172 erest
1015 102 1045 171 cd
1060 96 1167 173 direci:
1183 95 1439 209 sodalitoelmli.

179 289 342 375 respectivi
365 288 494 357 Ordines
515 287 653 373 religiosi
673 287 821 365 redeunt,
853 272 969 353 necnon
1000 288 1186 372 potestatem
1210 286 1459 353 demandandi

180 414 285 464 curam
309 395 342 459 et
364 374 663 459 'administrationem
687 392 824 458 omnium
845 390 1153 469 confraternitatum,
1177 392 1297 477 piarum
1324 390 1458 456 Unio-

180 520 254 566 num
267 501 331 579 eto.
360 497 469 563 idoneo
501 494 659 563 Sacerdoti
686 495 867 562 Dioeceseos
898 515 967 561 cum
990 496 1143 563 facultate
1165 494 1258 561 adid
1283 493 1459 560 muneris
1525 511 1526 518 ¹

180 600 414 687 subdelegaudi.

284 705 382 789 Quod.
1034 761 1043 784 Ι,

284 808 503 877 Sanctissimae
526 806 676 874 Dominus
699 806 813 873 Noster
836 807 896 874 Leo
918 808 1004 892 Papa
1018 804 1106 877 XIII.
1130 809 1162 874 iu
1187 807 1351 873 Audienda
1380 807 1454 873 ha·

88 913 90 921 ’
180 914 247 980 bite
270 914 320 979 die
343 915 372 979 2.
394 912 509 997 Aprilis
532 911 569 977 ab
592 911 788 995 infrascripto
817 910 990 978 Secretario
1019 911 1131 978 Sacrae
1161 911 1451 997 congregationis
1525 917 1527 978 l

182 1016 389 1103 indulgentiis
410 1015 572 1101 Sacrisque
594 1016 745 1101 Reliquiis
766 1017 959 1100 praepositae
982 1014 1105 1083 Oratori
1128 1016 1259 1101 petitam
1282 1015 1449 1081 sanatio·

181 1142 250 1188 nem
274 1122 307 1187 iu
329 1120 471 1185 omuibus
494 1118 623 1185 indulsit
642 1119 730 1203 juxta
751 1139 867 1204 preces.
1052 1196 1055 1202 ¹
1233 1191 1236 1198 ,
1525 1121 1526 1124 ’

285 1223 392 1305 Quoad
415 1242 485 1288 vero
507 1222 673 1289 facultates
697 1222 735 1287 ad
759 1222 920 1301 effectum,
956 1222 993 1287 de
1023 1240 1082 1307 quo
1110 1222 1232 1307 agitur,
1262 1221 1447 1287 Sanctitas
1525 1223 1526 1230 ’

185 1329 257 1408 Sua,
280 1327 410 1394 attentis
433 1326 640 1411 peculiaribus
653 1326 808 1392 Dioecesis
830 1326 1083 1403 circumstantiis,
1107 1344 1159 1390 eas
1170 1325 1277 1410 largiri
1290 1325 1443 1407 dignata
1525 1312 1527 1390 l

159 1435 245 1511 est,
269 1433 418 1501 valituras
435 1434 539 1497 tamen
562 1432 677 1515 absque
700 1432 764 1497 ulla
786 1431 894 1496 Brevis
916 1430 1124 1514 expeditione,
1147 1447 1304 1513 quousque
1326 1428 1443 1494 Sedes

181 1537 371 1622 Episcopalis
391 1536 564 1631 spreverit,
599 1537 630 1601 et
664 1535 802 1619 religiosi
834 1534 963 1600 Ordines
992 1534 1025 1599 in
1049 1533 1219 1599 Dioecesim
1240 1533 1437 1601 rediuerint.

182 1640 353 1707 Contrariis
375 1640 605 1723 quibuscunque
629 1658 688 1705 non
711 1639 917 1705 obstantibus.

286 1762 400 1827 Datum
426 1760 539 1825 Romae
563 1758 1150 1844 exSeoreca1·iaejusuemsaocong.
1176 1758 1226 1824 die
1248 1760 1279 1824 2.
1303 1758 1434 1842 Aprilis
1525 1847 1526 1852 Ἰ

186 1867 278 1935 1881:

509 1987 662 2071 Alopsius
684 1984 773 2051 eard.
797 1985 924 2069 Orcplio
945 2008 965 2052 o
988 1985 1021 2053 S.
1043 1985 1208 2067 Stephano,
1233 1984 1332 2067 Praei.

692 2100 772 2165 Pius
795 2098 941 2175 Delieoti,
963 2098 1161 2164 secretarius
