3109 4859
189 19 253 82 444
446 38 557 92 neuen
577 37 661 92 xrrr.
682 40 726 93 ru.
746 45 844 109 apuu.
864 41 892 94 3.
911 41 939 94 r.
954 39 980 93 s.
1000 38 1082 95 reru
1100 40 1181 95 rssr.

188 208 365 287 uocabatur,
389 207 573 292 dignitatem
598 208 767 275 obtinuisse
780 207 815 296 ¹),
836 210 975 274 volumus
992 210 1023 274 et
1039 206 1232 290 mandamus,
1253 210 1296 275 ut
1309 210 1486 293 Episco-

188 332 245 395 pus
269 311 506 377 Mandetriensis
529 312 700 378 Dumnensi
721 313 817 379 etism
834 313 1096 409 vebDaiminiensi
1109 314 1212 394 titulo,
1229 320 1296 397 quo
1307 314 1484 380 illustris

187 415 272 523 illius
295 415 459 482 cathedrae
483 417 632 483 memoria
655 418 684 481 in
708 416 838 500 posteris
862 418 986 502 vigeat,
1012 420 1165 501 'perpetuo
1189 418 1308 484 utatur
1335 437 1389 483 ac
1418 418 1482 483 de-

189 520 319 585 coretur.
430 522 432 526 ’

293 633 432 715 Agentes
454 634 558 697 antem
582 631 620 696 de
643 630 768 712 tinibus,
793 631 904 715 quibus
927 651 1024 698 novae
1048 633 1217 714 dioeceses,
1239 652 1329 717 quas
1355 654 1476 717 supra

188 736 436 815 memoravimus,
459 735 682 814 contineantur,
707 754 757 800 eos
779 735 812 799 in
835 736 918 802 bunc
939 736 993 820 qui
1014 738 1153 819 sequitur
1175 738 1308 803 modum
1327 740 1474 804 statui-
1513 759 1515 796 ι

189 856 266 918 mue,
291 840 485 924 assignamus
508 840 539 903 et
561 838 851 918 circumscribimus,
875 841 907 904 et
929 839 968 905 ab
991 840 1133 905 omnibus
1155 843 1305 925 perpetuo
1335 860 1381 907 ae
1414 843 1471 906 in-

189 942 375 1008 violabiliter
398 942 513 1008 servari
534 936 678 1026 jubemus
701 943 795 1025 atque
823 943 1021 1011 mandamus:
1053 942 1199 1009 nimirum
1225 945 1469 1029 archiepisco-

187 1046 266 1129 palis
290 1046 376 1110 sedes
401 1044 642 1111 Verhbosnensis
665 1064 734 1109 eum
759 1045 891 1110 Bosniae
914 1048 1048 1112 tractum
1073 1047 1304 1129 complectetur,
1326 1049 1397 1131 qui
1418 1050 1465 1114 ad

187 1142 432 1231 septemtriones,
457 1168 517 1233 qua
539 1147 652 1215 Savum
673 1148 753 1227 fluit,
777 1149 816 1213 ab
832 1150 919 1215 ostiis
938 1150 1074 1217 fluminis
1090 1150 1253 1217 Verbitaas
1270 1151 1310 1216 ad
1333 1152 1464 1221 fauces

188 1252 277 1317 Drini
298 1254 394 1335 patet.
439 1252 489 1318 Ad
511 1271 652 1319 occasum
676 1253 796 1335 partem
818 1241 921 1333 illam,
943 1274 1022 1337 quae
1046 1254 1191 1320 Verbitza
1213 1254 1373 1336 alluitur,
1413 1258 1460 1321 ab

187 1356 280 1442 hujus
302 1357 390 1423 ostiis
413 1358 451 1423 ad
476 1357 737 1442 Doane-Skoplje,
759 1354 948 1440 atque'bino
966 1359 1127 1424 meridiem
1141 1377 1245 1423 versus
1257 1359 1298 1425 ad
1310 1363 1458 1426 montes

188 1462 359 1542 binarium,
380 1462 491 1546 quibus
516 1461 627 1527 Bossia
649 1461 687 1525 ab
703 1461 916 1547 Herzegorina
930 1461 1098 1530 dirimitur.
1120 1462 1212 1528 Fines
1235 1462 1275 1527 ad
1289 1466 1454 1529 austrum

186 1565 208 1629 ii
228 1567 336 1646 amnt,
359 1566 412 1651 qui
435 1585 452 1630 3
475 1564 568 1631 Suiea
591 1565 629 1630 ad
649 1584 752 1643 oram,
775 1585 836 1649 qua
859 1566 959 1631 Rama
978 1564 1010 1631 in
1031 1566 1187 1633 Naronem
1210 1566 1342 1646 labitur,
1371 1569 1454 1633 inde

187 1689 206 1735 3
228 1670 351 1735 Narone
374 1670 412 1735 ad
436 1668 687 1749 Glanatitevum,
711 1668 784 1735 inde
820 1689 839 1734 a
865 1668 1065 1736 Glanatibevo
1087 1671 1239 1749 orientem
1261 1690 1380 1748 versus
1407 1671 1451 1737 ad

188 1774 336 1853 Drinum,
368 1774 439 1839 inde
470 1792 488 1837 3
515 1772 612 1837 Drino
642 1772 681 1837 ad
704 1772 831 1837 fluvium
856 1771 977 1838 Limum
1001 1774 1166 1856 pertinent.
1213 1775 1386 1839 Postremo
1410 1794 1449 1839 33

186 1896 273 1959 pars,
308 1896 386 1959 qnae
419 1876 581 1942 fluviorum
612 1876 693 1941 Lini
719 1878 750 1941 et
772 1876 870 1942 chci
892 1895 984 1942 cursu
1006 1878 1191 1943 continetur.
1237 1878 1378 1942 Limites
1404 1878 1446 1943 ad

186 1962 289 2045 ortum
313 1998 348 2043 33
371 1980 458 2061 parte
479 1978 673 2057 definientur,
696 1997 774 2061 qnae
798 1979 836 2043 ub
858 1978 960 2045 Uvaco
983 1979 1443 2061 flnvi0admontem1vieam,

187 2101 206 2147 3
227 2083 322 2147 Drino
345 2100 440 2165 usque
463 2082 502 2145 ad
521 2080 601 2161 ostis
624 2080 717 2165 hujus
740 2080 840 2147 amnis
862 2082 1066 2165 protenditur.

202 2202 204 2207 “
291 2192 454 2259 Paroeciae
477 2194 591 2273 autem,
615 2211 693 2277 quae
715 2192 748 2258 in
762 2193 925 2278 descriptis
940 2193 1053 2259 finibus
1067 2194 1169 2261 locum
1188 2195 1342 2274 obtinent,
1357 2199 1441 2263 sunt

185 2316 264 2380 quae
284 2298 474 2382 sequuntur:

287 2400 439 2486 Serajevo,
461 2402 637 2481 Ban-Brdo,
658 2400 812 2485 Kiseljak,
835 2400 980 2481 Kreiero
1004 2402 1157 2481 Podhum,
1180 2402 1274 2480 Kula,
1294 2401 1434 2486 KupreS,

185 2502 369 2587 Subopolje,
403 2504 560 2585 Tristem,
590 2505 705 2581 Rama,
736 2504 839 2584 Uzdb,
874 2504 1029 2588 Bugojne,
1065 2503 1203 2589 Seoplje,
1238 2493 1433 2586 Gelo-Bruto,

186 2608 335 2687 Rastovo,
354 2608 510 2693 ‘ijnicu
546 2609 748 2689 Brestovsko,
783 2608 974 2692 Gremiljak,
1011 2610 1188 2689 Busovata,
1226 2610 1429 2694 Podmiladje,

185 2711 358 2791 Dobretidi,
392 2712 555 2792 Koricani,
585 2712 713 2793 Pedine,
746 2712 871 2795 Orasje,
904 2712 1190 2792 Doleo-Tranium,
1215 2712 1429 2793 (tutia-Gora,

185 2814 308 2893 unrici,
334 2815 437 2897 Vitez,
468 2814 615 2895 Cnidos,
649 2816 779 2894 Zenica,
805 2816 924 2897 Osova,
947 2817 1061 2901 Zepte‚
1085 2817 1258 2897 Radunice,
1274 2818 1425 2895 Puniceo,

185 2918 371 2997 Komubinc,
404 2920 527 3002 Beilja‚
557 2919 703 3004 Zabljak,
734 2918 901 2999 Sutinslra,
934 2922 1047 3000 Vareb,
1078 2919 1207 3005 Vijaka,
1236 2920 1423 2998 Merentem,

185 3021 299 3102 Turta,
332 3022 463 3101 Breske,
493 3023 604 3103 Zovik,
638 3023 750 3101 Brtki,
781 3021 911 3102 Getica,
942 3023 1045 3102 Ulice,
1077 3023 1240 3104 Vidoviee,
1270 3023 1422 3103 Dubrura,

184 3124 338 3209 Spionica,
361 3118 583 3215 Tramosnjiea,
607 3126 775 3209 Gradatae,
798 3126 910 3207 Tolisu,
935 3127 1144 3211 Dom'aljevae,
1162 3126 1280 3203 Tibine,
1296 3125 1421 3205 Gurevo,

184 3229 314 3307 Dubiea,
338 3231 497 3311 Pototani,
520 3229 627 3314 Suilej,
651 3230 761 3310 Brund,
777 3230 926 3315 KoratJe,
948 3230 1092 3311 Zerevae,
1113 3230 1279 3310 Derventa,
1295 3229 1418 3310 Plehan,

183 3333 272 3413 Feta,
297 3332 395 3399 Sivba.
544 3336 548 3345 ’

287 3436 384 3521 Regio
416 3438 521 3517 autem
554 3437 735 3521 episcopalis
768 3436 850 3502 sedis
878 3436 1113 3503 Banialucensis
1142 3436 1262 3520 reliqua
1292 3435 1415 3501 Bosniae

182 3542 270 3624 parte
291 3540 456 3619 constabit,
476 3558 554 3623 quae
575 3540 613 3605 sd
635 3529 870 3623 septemtriones
891 3540 931 3605 iis
950 3540 1098 3607 definitur
1119 3540 1292 3616 limitibus,
1311 3539 1414 3622 quibus

182 3643 323 3709 Crastino
343 3661 472 3729 regnum
495 3662 513 3706 3
538 3642 651 3707 Bossia
680 3642 853 3708 dirimitur:
888 3643 929 3707 ad
959 3662 1100 3710 oceasum
1132 3643 1171 3708 iis
1205 3642 1334 3720 finibus,
1364 3644 1413 3726 qni

50 3786 63 3797 -
182 3746 324 3813 Oroatiae
336 3747 532 3831 suntquique
545 3747 723 3813 Dalmatiae
735 3750 817 3828 sunt,
833 3747 1012 3813 Herianum
1028 3767 1138 3832 usque:
1158 3747 1197 3812 ad
1213 3747 1367 3813 meridiem
1378 3767 1412 3812 33

181 3870 245 3930 ora,
266 3870 345 3933 quae
367 3852 406 3915 ab
431 3850 571 3917 Heriano
595 3850 633 3917 ad
655 3842 783 3917 Suieam
803 3852 952 3935 pertinet:
981 3852 1142 3932 adortum
1166 3851 1290 3916 demum
1311 3850 1410 3916 iisdem

180 3954 342 4035 limitibus,
364 3974 439 4039 quos
461 3956 601 4039 superius
624 3954 841 4021 archidioecesi
865 3954 1093 4022 Verhbosnensi
1114 3954 1338 4037 descripsimus.

284 4058 329 4123 Ea
344 4058 377 4122 in
392 4056 517 4142 regione
532 4060 729 4125 continentur
744 4059 913 4142 paroeciae,
930 4078 1008 4142 quae
1025 4058 1212 4141 sequuntur:
1235 4056 1408 4141 Banjaluta,

180 4160 356 4240 Kotorisee,
384 4160 542 4243 Sokoline,
565 4162 700 4242 Varcar,
732 4161 838 4243 Juice,
869 4161 1011 4243 clamer,
1039 4161 1198 4241 Grahovo,
1234 4160 1407 4242 Petrieevac,

283 4366 365 4434 1)cf.
385 4384 405 4421 e.
426 4366 537 4436 Gregor.
557 4384 593 4423 m.
611 4367 658 4421 lib.
676 4367 698 4434 I,
717 4386 756 4441 ep.
775 4368 930 4424 XXXVIII.
