3109 4859
154 88 219 151 308
354 105 467 160 Leonte
487 105 571 159 xrrl.
592 108 748 161 Allocultu
768 106 875 160 babitu
894 108 944 161 dte
963 109 988 160 4.
1012 109 1087 179 Any.
1106 110 1187 163 1881.

155 275 222 358 pite
245 294 358 359 perque
386 275 452 340 viam
482 274 678 343 circumfusa.
736 278 870 362 Magnos
903 278 1021 360 piornm
1058 279 1217 345 bominum
1251 300 1423 345 numerus

155 378 235 443 circa
271 379 435 456 feretrum,
470 379 567 463 major
602 400 677 463 poue
711 380 935 459 comitabatur,
966 382 1087 447 incessu
1110 385 1221 467 pacato
1243 387 1282 450 et
1311 386 1422 467 grani.

156 485 204 548 Ab
229 484 276 547 his
298 483 422 566 quidem
447 485 536 567 aptas
560 484 690 567 tempori
713 504 818 567 preces
840 484 1042 551 tundentibus
1067 506 1123 551 nec
1146 507 1202 553 vox
1225 508 1286 554 nec
1315 488 1427 572 signi·

155 587 258 653 ficatio
274 587 339 653 ulla
355 587 468 665 extitit,
491 607 570 671 quae
590 589 738 655 lacessere
754 609 950 673 quemquam,
974 592 1030 655 ant
1046 591 1155 656 turbas
1173 588 1303 673 quoqn'o
1327 591 1427 655 modo

156 690 236 756 ciere
258 710 344 774 posse
368 691 532 757 videretur.
578 692 637 757 Sed
661 711 730 758 ecce
755 694 802 758 vel
826 714 844 758 a
867 682 1015 776 principio
1041 714 1103 760 non
1133 695 1241 779 ignota
1262 694 1428 778 flagitio-

156 814 258 861 sorum
294 814 402 859 manns
434 796 645 879 incompositis
680 796 868 861 clamoribus
893 797 1027 881 lugubre
1052 798 1188 864 officium
1210 800 1427 881 perturbare.

157 898 227 963 blox
249 902 340 963 aucto
364 917 489 963 numero
513 901 544 964 et
565 899 706 977 audacia,
728 900 921 985 ingeminare
943 903 1078 966 terrores
1100 920 1137 966 ao
1160 903 1344 979 tumultus,
1375 922 1428 966 re·

157 1004 213 1067 bus
233 1002 438 1068 semotissimis
462 1002 662 1083 maledicere,
694 1005 938 1087 spectatissimos
967 1004 1048 1070 viros
1072 1004 1173 1070 sibilis
1195 994 1428 1089 conviciisque

158 1106 312 1188 accipere:
348 1106 495 1190 vultuque
525 1108 557 1171 et
590 1127 662 1173 uoce
696 1110 728 1173 et
762 1109 810 1174 ira
841 1108 976 1173 minaces
1003 1110 1225 1175 circumvenire
1247 1110 1428 1175 hostiliter

157 1210 319 1293 lugubrem
343 1209 536 1288 comitatum,
560 1215 593 1277 et
616 1212 794 1277 uerberibus
814 1197 955 1296 saxisque
978 1213 1123 1278 certatim
1147 1214 1260 1295 petere.
1290 1214 1425 1289 Immo,

158 1313 238 1395 qnod
262 1313 348 1377 nulla
371 1314 515 1379 barbaria
537 1316 735 1395 tentavisset,
759 1336 797 1381 ne
821 1317 961 1401 reliqniis
982 1316 1106 1401 quidem
1131 1316 1291 1382 Pontificis
1314 1336 1425 1381 sanc

157 1417 271 1482 tissimi
295 1421 502 1501 pepercerunt.
550 1420 618 1485 Non
653 1422 743 1486 modo
778 1421 861 1485 enim
891 1439 1002 1486 nomen
1033 1420 1157 1485 PiilX.
1181 1421 1424 1486 contumeliose

158 1522 366 1605 appellatum,
402 1523 455 1588 sed
478 1524 654 1589 incurram
678 1523 916 1608 quadrigarum,
948 1544 1007 1608 quo
1030 1524 1178 1608 reliquiae
1202 1524 1422 1600 vehebantur,

158 1626 289 1711 conjecti
301 1626 429 1710 lapides,
442 1626 615 1712 pluriesque
630 1627 844 1705 inclamatum,
862 1628 1065 1711 projiciendos
1083 1627 1260 1693 iubunratos
1272 1628 1420 1693 cineres.

159 1730 440 1814 Continuatumqne
464 1731 556 1815 longo
578 1732 698 1795 viarum
720 1733 834 1809 tractu,
859 1732 990 1796 duarum
1011 1731 1157 1797 horarum
1176 1731 1287 1813 spatio,
1310 1733 1418 1813 turpe

158 1834 379 1916 spectaculum.
411 1834 499 1914 erod
522 1835 549 1898 si
572 1853 632 1898 non
647 1834 686 1898 ad
702 1837 839 1900 extrema
855 1840 979 1900 ventum
996 1838 1054 1911 est,
1077 1835 1279 1901 moderationi
1296 1854 1417 1899 eorum

158 1938 333 2015 tribuatur,
362 1937 415 2020 qni
444 1938 585 2020 quamvis
615 1936 698 2000 omni
726 1937 756 2001 vi
780 1937 1012 2021 petulantiaque
1036 1938 1172 2003 lacessiti
1194 1938 1324 2021 injurias
1349 1957 1415 2023 pe·

159 2034 281 2111 tientcr'
295 2040 373 2104 ferre
397 2040 582 2117 meluerunt,
607 2060 698 2123 quam
722 2040 787 2105 ullo
809 2041 900 2106 modo
921 2041 1020 2106 sinere
1037 2041 1166 2106 utinter
1181 2039 1259 2103 illud
1275 2040 1414 2122 pietatis

158 2144 293 2209 cilicium
313 2144 482 2209 funestiore
504 2144 727 2227 contingerent.

262 2248 348 2313 Haec
378 2251 460 2313 lacte
494 2251 567 2313 nota
596 2250 737 2313 omnibns
769 2250 801 2312 et
830 2246 962 2330 publicis
989 2248 1171 2313 confirmata
1194 2249 1411 2313 monumentis

158 2352 354 2417 dissimulare
377 2362 432 2417 aut
455 2353 606 2436 denegare
628 2353 666 2429 ii,
690 2371 820 2435 quorum
840 2352 985 2430 interest,
1006 2353 1209 2436 nequicquam
1233 2354 1408 2418 conantur:

159 2458 283 2536 eadem,
305 2458 496 2541 quocumque
517 2459 600 2521 fama
624 2456 797 2533 nuntiavit,
821 2476 881 2521 uon
903 2456 993 2521 modo
1017 2456 1239 2521 catholicarum
1260 2454 1408 2537 gentium

158 2564 276 2627 animos
299 2579 433 2625 moerore
456 2560 702 2643 compleverunt,
738 2560 792 2624 sed
822 2560 1014 2625 liberrimam
1037 2559 1280 2643 indignationem
1304 2576 1403 2621 cunc·

159 2669 260 2730 torum
293 2664 451 2729 bominum
487 2666 668 2741 moverunt,
706 2663 787 2746 apud
818 2683 895 2747 quos
927 2665 1009 2728 valet
1041 2662 1245 2727 humanitatis
1280 2679 1405 2725 nomen.

159 2770 300 2852 Undique
330 2771 504 2832 commeant
532 2767 571 2831 ed
594 2768 658 2833 Nos
680 2768 817 2851 quotidie
837 2769 961 2833 litterae
985 2768 1085 2831 labem
1110 2766 1267 2831 dedecoris
1289 2766 1321 2829 et
1342 2764 1406 2828 im-

160 2874 342 2939 manitatem
365 2871 488 2936 sceleris
512 2872 745 2936 exsecrantium.

262 2977 320 3043 Sed
352 2977 518 3040 maximam
551 2975 793 3040 sollicitudinem
826 2972 996 3058 animique
1015 2992 1162 3057 angorem
1195 2972 1294 3037 Nobis
1327 2975 1401 3035 aute

158 3080 236 3145 alios
258 3080 368 3145 attulit
390 3098 478 3145 casus
501 3079 635 3144 nefarius
659 3082 689 3144 et
717 3078 830 3163 gravis.
865 3078 1017 3159 Quoniam
1039 3081 1145 3142 autem
1168 3075 1268 3140 otficio
1291 3075 1401 3161 impel-

158 3187 261 3263 limur,
285 3188 320 3249 ut
343 3185 538 3268 maJestntem
563 3183 767 3250 Pontificatus
790 3183 919 3262 romani,
951 3182 1175 3264 accendamque
1200 3180 1401 3244 Decessorum

160 3290 341 3354 Nostrorum
365 3290 545 3354 memoriam
568 3291 726 3365 tueamur,
758 3288 873 3352 idcirco
905 3286 1100 3351 teterrimum
1128 3284 1248 3349 facinus
1269 3282 1302 3378 in
1325 3300 1400 3345 con-

159 3395 266 3475 spectu
291 3394 410 3471 Vestro,
435 3394 632 3458 Venerabiles
657 3394 790 3467 Fratres,
812 3391 1082 3474 conquerimuret
1102 3388 1307 3471 deploramus,
1329 3385 1403 3450 illa·

159 3501 284 3581 temque
305 3496 532 3579 expostulamus
555 3497 719 3580 injuriam,
743 3497 830 3577 cujus
853 3495 892 3559 ad
915 3513 966 3559 eos
985 3494 1074 3576 culpe
1098 3492 1247 3574 pertinet,
1272 3489 1326 3572 qui
1344 3505 1402 3552 nec

156 3602 228 3685 jure
260 3601 420 3683 religionis
441 3619 509 3664 vneo
541 3601 655 3665 ciuium
681 3600 860 3665 libertatem
883 3599 1028 3664 adversus
1051 3597 1216 3681 impiorum
1240 3594 1400 3659 hominnm

159 3706 294 3770 furorem
317 3703 525 3767 detendernnt.
572 3705 675 3785 Atque
700 3724 736 3767 ex
766 3704 823 3769 boe
850 3704 916 3786 ipso
939 3702 1104 3801 perspiciat
1127 3698 1299 3764 catholicus
1318 3695 1401 3761 orbis

159 3810 276 3893 quanta
308 3807 405 3873 Nobis
429 3806 460 3871 in
492 3806 573 3873 Urbe
604 3808 753 3873 securitas
780 3808 981 3891 relinquatur.
1005 3842 1048 3853 -
1071 3804 1237 3889 Cognitum
1261 3819 1399 3884 perspec-

57 3902 62 3913 ’
160 3921 288 3995 tumque
309 3912 386 3988 eret,
409 3913 529 3976 coactos
551 3911 615 3976 Nos
638 3930 704 3977 esse
727 3911 764 3975 ad
789 3928 930 3994 asperam
954 3909 1121 3991 multisque
1144 3906 1181 3971 de
1204 3906 1321 3971 caussis
1341 3923 1399 3969 uon

161 4016 314 4082 ferendam
339 4014 563 4081 conditionem:
584 4017 664 4080 bano
687 4018 792 4081 temen
815 4033 920 4080 recens
943 4014 1080 4090 euentus,
1104 4012 1142 4077 de
1165 4010 1399 4093 quoloquimur,

54 4174 55 4179 ,
163 4120 262 4204 magis
285 4119 432 4201 patefecit
456 4122 548 4203 atque
571 4120 755 4196 illustravit,
779 4119 932 4201 simulque
952 4117 1098 4194 ostendit,
1121 4113 1400 4181 eiecerbusllobis

55 4232 56 4235 ’
161 4226 207 4290 est
239 4242 340 4287 rernm
368 4223 577 4304 praesentium
609 4225 729 4301 status,
759 4221 946 4287 acerbiorem
970 4240 1036 4287 esse
1060 4219 1302 4302 expectationem
1324 4215 1399 4281 reli·

161 4344 301 4409 quarum.
318 4360 358 4372 -ν
375 4325 464 4407 Quod
489 4328 514 4391 si
538 4327 658 4391 evectos
680 4344 734 4408 per
756 4325 870 4392 Urbem
894 4325 943 4390 Pii
959 4324 1013 4392 IX.
1033 4324 1151 4389 cineres
1166 4320 1401 4406 indignissimae

56 4434 58 4515 'q
160 4429 406 4512 perturbationes
432 4429 619 4512 maximique
648 4430 804 4495 tumultus
832 4429 988 4495 consecuti
1021 4429 1111 4505 sunt,
1142 4425 1212 4509 quis
1242 4425 1401 4509 praestare
