3109 4859
334 106 413 166 14
541 122 745 186 Echi-12
793 121 1212 177 Interessante
1249 121 1793 190 Eutscheidunqen
1830 122 1956 174 dev-³
1978 113 2138 175 rom.'
2174 118 2733 191 Conpreyationen-

1217 291 1508 358 Ascuzan
1549 292 1625 358 in
1662 262 1911 358 Piceno.
2447 371 2462 389 .

537 414 661 478 Der
725 411 1324 493 Diocesan-Bischof
1380 412 1528 478 fand
1595 411 1695 477 bei
1750 413 1979 477 seinem
2034 411 2480 478 Amtsantritte
2540 411 2641 478 die
2684 408 2807 477 Ge*

332 518 645 582 wohnbeit
689 534 812 596 ror,
855 515 998 581 dass
1044 535 1212 581 arme
1256 515 1449 581 Lente
1492 514 1611 581 mit
1642 514 1989 600 Beilegung
2028 515 2194 580 eines
2235 515 2575 581 arztlichen
2606 515 2807 599 Zeug-

328 622 525 686 niases
569 622 717 682 iiber
760 619 860 684 die
905 616 1384 685 Kranklichkeit
1427 618 1534 684 des
1581 619 2049 702 neugeborenen
2093 618 2350 700 KindeS‚
2392 620 2495 685 die
2532 619 2805 685 Reichen

328 726 485 790 ohne
553 726 649 790 ein
725 723 1020 809 Zeugniss
1087 725 1220 790 sich
1279 743 1359 790 an
1403 724 1518 788 den
1568 723 1827 788 Bischof
1870 724 2153 789 wandten
2200 724 2326 788 und
2368 742 2483 789 von
2530 724 2660 788 ihm
2706 722 2805 787 die

332 830 685 894 Erlaubniss
729 848 835 894 zur
883 828 1229 894 Vornahme
1272 827 1380 894 des
1428 827 1767 893 Tautaktes
1812 827 1878 892 in
1921 827 2087 892 ihrer
2132 829 2655 912 Privatwohnung
2700 828 2804 892 be·

328 934 605 1018 geht-ten,
661 951 779 998 was
822 933 1012 998 ihnen
1040 934 1198 998 stets
1229 931 1532 1016 bewilligt
1565 932 1789 999 wurde.
1828 931 2009 996 *Dem
2047 951 2246 998 neuen
2277 931 2563 998 Bischofe
2595 933 2807 997 schien

328 1040 529 1102 dieser
581 1038 869 1120 Vorgang
914 1035 1275 1120 unzulassig
1319 1056 1395 1100 zu
1435 1036 1585 1107 sein.
1650 1035 1769 1100 Um
1818 1035 1881 1100 in
1913 1036 2142 1101 seinem
2170 1035 2481 1103 Gewissen
2513 1036 2809 1120 beruhigt

328 1162 401 1206 :utu
443 1142 589 1218 sein,
637 1142 801 1222 legte
845 1159 911 1204 er
954 1140 1062 1204 der
1108 1140 1191 1206 hl.
1243 1140 1433 1223 Cong.
1482 1139 1611 1213 Rit.
1660 1138 1950 1222 folgende
1996 1140 2237 1223 Fragen
2279 1160 2421 1207 vor:

541 1246 693 1306 [iub.
741 1243 792 1310 Ι.
872 1245 968 1308 An
1014 1243 1256 1328 quando
1299 1243 1575 1308 medicus
1620 1243 1895 1308 testatur
1938 1243 2014 1307 de
2060 1243 2269 1326 aliquo
2307 1244 2581 1326 periculo
2627 1244 2808 1308 indu-

328 1350 503 1414 cendi
553 1350 629 1414 ad
677 1348 995 1414 ecclesiam
1050 1348 1351 1413 infantem
1422 1347 1865 1432 cujuscunque.
1908 1347 2314 1428 conditioniS,
2382 1349 2662 1432 permitti
2730 1350 2809 1414 ab

328 1454 621 1538 Episcopo
669 1453 881 1534 possit.
930 1454 1001 1518 ut
1046 1452 1150 1516 ille
1196 1450 1541 1535 baptisetur
1590 1452 1758 1517 domi
1803 1471 1944 1517 cum
1989 1451 2270 1517 omnibus
2311 1452 2763 1519 caeremoniis?

541 1560 697 1622 Dub*
745 1557 822 1622 Π.
903 1555 1254 1622 Concedine
1290 1555 1497 1639 potest
1544 1556 1857 1639 baptisma
1902 1575 2041 1619 cum
2081 1557 2363 1620 omnibus
2409 1557 2812 1621 caeremoniis

328 1662 669 1726 ministrari
701 1659 869 1726 domi
900 1659 1048 1724 filiis
1079 1678 1495 1743 personarum,
1542 1678 1701 1743 quae
1736 1658 1932 1723 relate
1956 1657 2033 1722 ad
2062 1658 2389 1725 dioecesim
2419 1660 2807 1744 Principibus

328 1766 717 1850 aequiparari
759 1764 1018 1848 possint,
1065 1765 1182 1829 etsi
1227 1763 1458 1829 infirmi
1504 1783 1622 1828 non
1669 1763 1852 1828 sint?

537 1870 596 1934 S
649 1868 1059 1953 Gangregatio
1104 1919 1121 1937 .
1172 1920 1185 1936 .
1234 1917 1249 1932 .
1297 1866 1774 1951 significandum
1822 1866 2017 1946 duxit,
2064 1868 2227 1952 quod
2268 1868 2636 1952 Amplitudo
2672 1872 2807 1938 Tua

328 1974 573 2038 nnumin
621 1990 832 2038 curare
879 1971 1123 2051 debeat,
1165 1973 1448 2037 attamen
1488 1971 1823 2054 prudenter
1867 1972 1932 2036 et
1977 1973 2178 2052 caute,
2223 1994 2530 2040 removere
2552 1975 2804 2055 abu-sue,

328 2078 433 2158 qui
481 2078 541 2138 in
593 2078 705 2138 hac
753 2095 815 2141 re
860 2075 1240 2159 irrepserunt
1285 2075 1671 2159 efficiatque,
1743 2079 1815 2141 ut
1879 2076 2150 2141 infantes
2220 2077 2299 2141 ad
2368 2077 2806 2161 baptisandum

320 2182 501 2262 juxta
565 2180 876 2246 Ecclesiae
941 2180 1484 2264 praescriptionem
1548 2180 1613 2245 et
1659 2198 2041 2246 communem
2088 2180 2323 2264 praxim
2369 2183 2442 2248 in
2486 2183 2807 2250 ecclesiam
2828 2226 2849 2245 κ

328 2286 709 2362 deferantur.
825 2312 830 2320 *

533 2390 597 2454 S.
645 2390 866 2472 Ucnyr.
915 2387 1048 2456 Rit.
1097 2386 1196 2452 die
1236 2386 1341 2456 27.
1386 2387 1623 2471 Aprilis
1668 2387 1831 2453 1877
1857 2389 1928 2473 1).

533 2566 593 2622 4.
685 2562 806 2626 'Der
853 2560 1188 2626 Diocesan-
1191 2560 1451 2626 Bischof
1487 2561 1634 2655 dart*
1673 2523 1846 2627 nicht
1885 2559 2089 2627 solche
2134 2561 2565 2628 Gebetbiicher
2595 2563 2692 2628 ku
2695 2563 2806 2628 ch

324 2662 449 2726 liuh
501 2686 645 2746 ψῃ]
653 2666 860 2728 nb1ren
899 2662 1024 2727 und
1070 2663 1342 2740 drucken
1386 2645 1614 2742 lassen‚
1668 2665 1733 2730 in
1779 2665 1976 2730 denen
2022 2666 2339 2733 Litaneien
2388 2669 2807 2783 vorkornmen‚

324 2770 421 2830 die
473 2786 606 2830 inm
657 2770 741 2834 hl
786 2765 1007 2831 Stuhle
1053 2766 1230 2831 nicht
1271 2767 1707 2832 ausdrucklich
1753 2769 2163 2854 gutgeheisen
2209 2771 2369 2841 sind.

1399 2907 1737 2973 Monitum.

533 3026 665 3090 Etsi
713 3028 958 3110 praeter
1003 3025 1295 3092 Litanias-
1327 3032 1406 3094 ss.
1452 3027 1742 3093 Nominis
1799 3027 1988 3106 Jesu‚
2045 3029 2117 3093 B.
2162 3029 2247 3096 Μ.
2298 3029 2370 3098 V.
2419 3030 2801 3097 Lauretanas
2931 3070 2940 3075 a

324 3134 389 3194 et
433 3130 833 3210 Sane-torum,
893 3131 1105 3196 nullae
1160 3131 1323 3197 aliae
1370 3150 1407 3196 a
1448 3151 1496 3198 s,
1543 3129 1702 3196 Sede
1748 3131 2121 3215 approbatae
2176 3133 2436 3212 fuerint,
2499 3134 2805 3218 quaedam

324 3238 530 3298 tumen
581 3234 745 3318 typis
789 3235 1016 3317 passim
1066 3234 1455 3318 evulgentur‚
1503 3255 1661 3320 quae
1700 3236 1762 3300 in
1792 3235 2095 3301 honorem
2142 3236 2404 3321 alicujus
2450 3238 2663 3305 Sancti
2710 3239 2807 3304 vel

324 3338 605 3422 Mysterii
669 3337 952 3404 fidelibus
1010 3339 1364 3405 recitandae
1418 3328 1840 3424 proponuntur
1886 3341 2071 3424 atque
2115 3341 2180 3405 in
2224 3341 2400 3408 libris
2445 3344 2809 3426 praesertim

324 3442 577 3526 pietatis
621 3442 817 3526 vulgo*
847 3441 913 3506 di
959 3442 1270 3509 divozione
1314 3442 1743 3522 continentur,
1794 3463 2257 3528 nonnumquam
2302 3444 2493 3511 etiam
2539 3448 2807 3512 auctori·

324 3550 473 3610 tatis
521 3544 970 3612 ecclesiasticae
1011 3545 1328 3611 sanctione
1373 3546 1664 3612 munitis:
1713 3545 1856 3611 hinc
1900 3566 1949 3612 s.
1997 3548 2124 3613 Rit.
2177 3547 2367 3631 Cong.
2401 3548 2498 3613 sui
2535 3550 2807 3613 muneris

324 3670 453 3714 esse
501 3650 693 3726 duxit,
741 3648 1304 3716 Reverendissimos
1349 3650 1621 3716 locorum
1671 3649 2029 3715 Ordinarios
2073 3650 2421 3730 admonere,
2475 3670 2551 3717 ne
2596 3650 2809 3718 sinant

324 3754 477 3818 alias
529 3754 800 3818 Tritanias
843 3753 1090 3836 publice
1132 3753 1417 3833 recitari,
1485 3754 1604 3818 nisi
1647 3752 1997 3836 ‚praedictas
2018 3801 2034 3832 ,
2080 3753 2180 3819 vel
2226 3753 2417 3834 alias,
2466 3754 2521 3819 si
2564 3775 2722 3840 quae
2770 3776 2807 3822 a

324 3878 372 3926 a.
425 3858 593 3922 Rom.
645 3858 697 3922 U
705 3857 921 3924 nivers,
973 3856 1379 3946 Inquisitione
1425 3857 1779 3943 recognitae
1847 3859 1912 3922 et
1963 3859 2337 3942 approbatae
2404 3859 2669 3939 fuerint;
2736 3880 2807 3926 ac

324 3962 505 4026 simui
573 3962 831 4027 careant
896 3980 1073 4027 suam
1135 3963 1640 4046 approbationem
1712 3981 1817 4046 pro
1880 3961 2276 4045 impressione
2320 3963 2685 4031 subnectere
2728 3966 2806 4032 iis

324 4069 533 4146 fibris,
597 4070 654 4130 in
705 4067 928 4150 quibus
954 4067 1261 4169 ⁴Litaniae
1299 4067 1698 4136 inveniuntur
1743 4067 2099 4152 Apostolica
2144 4068 2459 4135 sanctione
2505 4072 2804 4137 carentes,

533 4170 589 4238 S.
641 4170 862 4257 Congr.
910 4172 1038 4238 Rit.
1085 4172 1185 4238 die
1233 4172 1333 4240 16.
1379 4172 1555 4238 Junii
1607 4172 1772 4240 1880
1791 4173 1866 4258 ²).

533 4382 585 4450 1]
625 4385 764 4438 ,Acta
800 4381 855 4439 S.
893 4380 1062 4448 Sedis,
1100 4354 1223 4438 Vol.
1258 4379 1414 4437 XIII.
1452 4397 1545 4452 pg.
1585 4381 1703 4435 144.

533 4470 589 4534 {2}
629 4470 765 4526 Acta
801 4469 855 4525 S.
893 4467 1066 4534 Sedis,
1100 4467 1221 4526 Vol.
1259 4467 1416 4524 XIII.
1452 4483 1542 4538 pg.
1580 4469 1664 4523 91.
