3109 4859
220 76 313 133 Leon.
330 78 414 131 XIII.
434 79 555 147 Eacpcl.
573 79 601 133 d.
621 78 666 133 29.
680 79 761 134 Iuro.
781 80 852 135 1881
870 81 907 135 de
926 85 1044 135 auctor.
1064 80 1126 147 pol.
1144 82 1278 148 imperti.
1318 62 1382 127 243

110 248 335 331 reipublicae
358 249 397 313 ad
421 248 592 315 utilitatem
614 268 719 315 eorum
742 250 794 333 qui
817 251 972 315 commissi
993 251 1083 328 sunt,
1117 268 1176 315 non
1207 249 1248 313 ad
1276 268 1380 315 eorum

109 351 259 433 ‘quibus
282 352 443 417 commissa
465 354 521 431 est,
546 355 610 436 geri
631 354 779 437 oportere.
810 353 967 437 Principes
989 372 1008 419 a
1029 354 1092 419 Deo
1107 354 1222 436 optimo
1237 354 1381 430 maximo,

118 456 228 521 unde
251 456 311 521 sibi
334 456 500 521 auotoritas
523 456 611 535 data,
637 458 775 540 exempla
797 462 942 525 sumant:
973 458 1101 541 ejusque
1132 458 1299 541 imaginem
1321 456 1380 523 sibi

122 557 183 622 in
201 558 443 642 administranda
464 558 620 644 republica
642 564 858 643 proponentes,
885 562 996 645 populo
1025 563 1252 646 praesintcum
1275 562 1381 645 aequi·

130 663 217 727 tate
236 663 267 727 et
288 663 368 743 fide,
391 665 423 729 et
444 663 488 743 ad
507 684 592 740 eam,
615 683 693 747 quae
716 666 887 730 necessaria
908 668 972 744 est,
999 665 1196 731 seueritatem
1218 667 1380 748 paternam

61 764 67 772 ’
138 767 312 831 caritatem
328 767 504 833 adhibeant.
538 767 641 852 Hujus
662 769 706 832 rei
730 788 838 834 caussa
857 789 1014 835 sacrarum
1038 771 1226 835 Litterarum
1248 768 1381 835 oraculis
1412 840 1417 848 ,

139 873 328 948 monentur,
363 871 561 955 sibimetipsis
592 872 671 956 Regi
704 892 814 957 regum
846 876 878 938 et
913 874 1045 940 Domino
1075 874 1300 939 dominantium
1323 872 1381 937 ali·
1431 941 1434 944 .

140 974 267 1057 quando
289 974 440 1039 rationem
465 994 529 1040 essa
551 975 756 1065 reddendam3
787 977 813 1042 si
837 977 971 1043 osticium
995 977 1202 1056 deseruerint,
1232 969 1299 1041 lieri
1321 995 1380 1041 non

141 1097 235 1160 posse
264 1080 299 1141 ut
329 1078 387 1143 Dei
418 1079 610 1143 seueritatem
642 1079 708 1143 ulla
737 1080 856 1144 ratione
876 1081 1035 1163 effugiant.
1079 1080 1264 1146 Altisse'mus
1283 1082 1380 1147 iuter·

140 1175 270 1265 rogabat
291 1202 386 1265 opero
408 1168 510 1249 vestra
532 1190 561 1248 et
582 1186 779 1267 cogitationes
794 1185 995 1251 scrutabitur.
1019 1185 1175 1266 Quoniam
1189 1206 1259 1251 cum
1273 1186 1381 1251 essetis

141 1287 288 1351 ministri
309 1287 399 1369 rapui
421 1285 516 1364 illias,
539 1307 602 1351 aaa
623 1293 703 1353 recte
717 1288 915 1368 jecdicastis.
941 1279 950 1354 .
973 1340 980 1355 .
1003 1288 1155 1353 horrendo
1180 1294 1209 1354 ct
1237 1291 1297 1367 cito
1323 1311 1379 1370 cp-

136 1390 267 1473 parabit
289 1390 373 1455 uobis
394 1390 540 1471 quonium
556 1391 715 1473 judiciam
737 1393 942 1458 durissimum
958 1392 1009 1457 bis
1023 1393 1078 1473 gui
1089 1398 1242 1472 praecem
1255 1394 1309 1475 (iet
1325 1442 1331 1458 .
1346 1444 1354 1459 .
1370 1442 1378 1457 .

145 1494 223 1559 Noa
244 1494 327 1559 enim
344 1494 503 1559 subtrahet
517 1516 688 1575 personam
702 1498 871 1579 ,cujuspiam
889 1494 987 1576 Deus,
1009 1514 1064 1561 aec
1082 1496 1238 1561 caeditur
1259 1497 1380 1579 magai-

144 1597 286 1661 tudinem
312 1598 507 1679 eajasqoam,
540 1600 688 1679 quondam
714 1600 869 1681 pastilam
904 1604 932 1663 et
962 1620 1118 1683 maguum·
1137 1600 1205 1680 ipsc
1231 1599 1320 1682 seed,
1352 1605 1381 1665 ct

145 1699 321 1781 usualiter
343 1718 419 1764 cura
440 1706 486 1767 est
512 1701 561 1765 illi
583 1702 621 1767 de
643 1703 793 1769 omuibus.
824 1702 1021 1769 Fortiorrbus
1037 1709 1141 1769 auam
1153 1703 1267 1784 fortior
1281 1702 1380 1769 hostat

146 1807 298 1871 cruciatio
322 1803 405 1887 (Sap.
431 1804 483 1883 VI,
506 1805 536 1871 4.
561 1806 589 1871 5.
614 1808 644 1871 6.
669 1807 712 1891 8).

250 1906 367 1987 Quibus
398 1909 568 1992 praeceptis
601 1910 822 1993 rempublicam
851 1910 1027 1987 tuentibus3
1062 1910 1161 1976 omnis
1193 1908 1379 1974 seditionum

144 2010 195 2074 uel
216 2028 323 2076 cerussa
345 2012 394 2078 vel
415 2012 509 2078 libido
534 2012 673 2079 tollitur:
697 2014 727 2079 io
750 2017 819 2080 tuto
841 2014 946 2080 futura
968 2015 1041 2079 sunt
1065 2014 1160 2081 honos
1181 2017 1214 2079 et
1228 2012 1379 2105 securitas

145 2112 328 2196 principum,
352 2114 437 2197 quies
460 2116 492 2181 et
514 2116 597 2181 salua
619 2117 793 2183 ciuitatum.
821 2118 978 2202 Dignitati
999 2137 1118 2201 quoque
1134 2116 1247 2183 civium
1264 2116 1379 2199 optime

145 2216 332 2281 consulitur:
363 2218 474 2300 quibus
503 2220 534 2284 in
562 2220 739 2286 obedientia
759 2222 827 2303 ipsa
848 2239 1024 2286 concessum
1048 2223 1095 2285 est
1117 2219 1209 2285 decus
1232 2218 1309 2283 illud
1331 2238 1380 2283 re-

147 2320 252 2399 tinere,
277 2321 356 2403 quod
379 2325 426 2387 est
449 2316 790 2391 hominisexeellentiae
806 2327 1053 2391 consentaneum.
1081 2323 1266 2407 Intelligunt
1285 2324 1377 2400 enim,

149 2426 204 2489 Dei
224 2426 340 2509 judicio
363 2446 422 2491 non
445 2446 510 2493 esse
539 2448 660 2494 serrum
691 2448 796 2511 neque,
819 2429 968 2506 liberum
1002 2447 1096 2493 unum
1122 2447 1187 2495 esse
1211 2428 1377 2492 Dominum

144 2531 297 2610 omnium,
322 2531 451 2597 divitem
472 2534 508 2597 ia
530 2553 634 2599 omues
656 2534 710 2616 qui
731 2524 876 2599 iuverant
897 2534 987 2599 illum
1009 2532 1070 2606 (Ad
1094 2532 1181 2598 Rom.
1205 2531 1243 2610 X,
1266 2531 1322 2620 Ι12)
1346 2550 1378 2595 se

143 2636 248 2699 autem
269 2614 382 2700 idcirco
404 2636 527 2703 subesse
555 2638 586 2702 et
618 2638 828 2719 obtemperare
862 2636 1070 2719 principibus,
1098 2636 1179 2719 quod
1209 2635 1376 2720 imaginem

143 2736 366 2818 quodammodo
386 2739 522 2804 referant
544 2740 612 2817 Dei,
635 2742 686 2807 cui
707 2742 826 2809 servire
846 2762 979 2825 reparare
997 2746 1051 2807 est.
1314 2803 1320 2825 ,

110 2869 119 2885 r
247 2844 313 2908 Hoc
334 2865 404 2911 varo
427 2865 546 2931 semper
565 2846 630 2931 egit
652 2848 805 2926 Ecclesia,
840 2851 875 2913 ut
908 2848 1079 2914 christiana
1110 2847 1168 2911 iste
1203 2842 1302 2909 ciuilis
1325 2844 1379 2926 po·

142 2947 268 3011 testatis
290 2948 389 3015 terma
408 2970 468 3015 non
490 2952 646 3017 urentibus
665 2952 764 3018 solaro
788 2953 1029 3030 inhaeresceret,
1052 2951 1106 3017 sed
1134 2951 1227 3015 etiam
1255 2945 1378 3031 publica

143 3049 323 3132 populorum
346 3052 411 3118 rita
433 3054 628 3139 moribusque
650 3056 879 3141 exprimeretur.
924 3055 1079 3139 Quamdiu
1106 3054 1146 3119 ad
1169 3051 1378 3137 gubernacula

145 3154 332 3236 reipublicae
351 3155 550 3238 imperatores
565 3158 682 3225 ethnici
698 3159 852 3237 sederunt,
875 3160 929 3243 qui
944 3178 1104 3243 assurgere
1119 3158 1159 3221 ad
1174 3177 1242 3224 eam
1257 3154 1378 3238 imperii

146 3257 285 3335 formam,
306 3278 399 3341 quam
423 3259 686 3338 adumbravimus,
707 3262 926 3345 superstitione
948 3259 1203 3346 prohibebantur,
1224 3258 1378 3329 instillare

145 3359 232 3423 illam
254 3361 384 3425 studuitx
397 3362 552 3427 mentibus
574 3364 768 3447 populorum,
785 3366 845 3457 ¹qui
867 3365 960 3430 simul
983 3386 1019 3431 ac
1041 3364 1210 3431 christiana
1230 3362 1378 3429 instituta
1457 3442 1461 3452 Ι

147 3464 344 3547 susciperent,
365 3464 403 3529 ad
427 3466 502 3533 haec
524 3466 590 3549 ipsa
612 3467 732 3551 exigere
754 3467 853 3533 uitam
875 3488 963 3535 suam
979 3470 1056 3535 uelle
1072 3469 1234 3538 debebant.
1266 3468 1378 3550 Itaque
1466 3485 1470 3491 ’

147 3568 282 3650 pastores
304 3567 488 3649 animarum,
508 3570 645 3654 exempla
668 3571 756 3636 Pauli
781 3572 921 3655 Apostoli
943 3575 1132 3650 renovantes,
1153 3590 1228 3638 cura
1250 3570 1283 3635 ct
1305 3568 1377 3633 dili-

146 3672 250 3756 gentia
267 3691 389 3739 summa
411 3672 530 3757 populis
556 3674 729 3759 praecipere
758 3679 998 3754 consueverunt,
1026 3677 1227 3759 principibus
1259 3680 1288 3741 ec
1314 3694 1376 3755 po·

144 3778 303 3843 testatibus
324 3778 462 3845 sabditos
481 3798 562 3856 csse,
591 3780 671 3845 dicto
698 3781 837 3847 obedire:
866 3780 928 3864 (Ad
951 3782 1013 3846 Tit.
1038 3782 1105 3858 Ill,
1129 3782 1161 3862 l)
1192 3780 1267 3846 item
1291 3796 1377 3843 orere

145 3879 245 3945 Deum
268 3900 320 3963 pro
344 3881 461 3947 cunetis
483 3881 666 3961 hominibus,
691 3884 744 3948 sed
768 3884 949 3950 nominatim
965 3906 1026 3967 pro
1047 3884 1171 3967 rapidus
1193 3888 1222 3948 et
1236 3882 1376 3948 omnihus

144 3984 198 4064 qast
219 3983 465 4066 immittendam
486 3991 575 4051 suaa·
596 3986 652 4055 bec
674 3989 934 4071 eoiraacceptum
953 3995 1000 4054 cst
1021 4008 1125 4055 coram
1139 3986 1302 4055 Salvatorc
1323 4006 1378 4050 uo-

144 4092 209 4151 stro
230 4086 298 4153 Deo
324 4087 353 4173 (Ι
376 4088 511 4157 Timoth.
536 4089 582 4166 Π,
609 4091 716 4174 1-3).
761 4092 866 4175 Atque
887 4092 927 4157 ad
951 4093 1031 4159 bauo
1053 4111 1118 4157 reru
1140 4090 1263 4156 omnino
1285 4108 1376 4173 prae·

145 4190 227 4255 clara
250 4190 431 4256 documenta
453 4191 614 4258 christiani
637 4195 754 4259 veteres
775 4194 983 4278 reliquerunt:
1011 4194 1063 4277 qui
1086 4213 1156 4271 cum
1176 4194 1217 4259 ab
1240 4193 1375 4276 impera-

144 4294 263 4359 toribus
293 4294 424 4361 ethnicis
453 4295 656 4380 injustissime
692 4299 724 4362 et
754 4298 963 4364 crudelissime
999 4300 1179 4364 vexarentur
1211 4315 1377 4379 numquam

144 4398 249 4463 tamea
272 4398 544 4491 praetermiserunt
566 4418 672 4485 gerere
694 4419 726 4466 se
749 4400 927 4469 obedienter
950 4403 982 4468 et
1004 4403 1154 4469 submisse
1174 4402 1264 4485 plane
1279 4398 1378 4466 atilli
