3109 4859
199 101 263 173 250
378 116 553 195 Schneider,
572 119 601 182 S.
621 121 740 183 Poenit.
760 120 876 186 declar.
895 126 925 185 et
942 120 1034 185 resoi.
1052 121 1090 185 eie
1107 118 1262 186 dubitate.

303 297 352 365 Ad
375 298 400 366 l.
448 297 507 362 Per
536 296 689 385 jejunium
712 299 991 385 quadragesimale,
1019 301 1143 367 etiamsi
1164 302 1249 368 adsit
1270 302 1457 368 necessitas

198 403 306 471 utendi
327 400 505 479 lacticiniis,
530 400 646 466 satisfit
669 401 787 487 duplici
808 402 901 469 oneri.

300 506 351 573 Ad
373 506 414 575 Π.
461 505 667 572 Affirmative.
959 544 974 593 5

300 612 350 677 Ad
371 612 429 677 ΙΙΙ.
473 611 519 675 Ex
541 630 618 676 novo
639 610 764 677 indulto
786 609 891 691 serni,-
908 612 1103 682 affirmative.

301 717 352 782 Ad
374 715 429 780 IV.
475 714 640 798 Negative,
665 716 696 780 et
718 716 936 781 recurrendum
961 736 1027 783 esse
1051 718 1089 783 ad
1102 719 1237 785 locorum
1250 718 1457 802 Ordinarios,

198 823 251 909 qui
273 819 477 907 providebunt
494 819 582 905 juxta
599 820 833 888 Instructiones.

302 926 417 991 ilatum
442 924 556 991 Rornae
578 925 611 990 in
633 923 663 990 S.
684 924 928 991 Poenitentiaria
950 926 999 992 die
1022 928 1073 993 20.
1094 928 1240 993 Jauuarii
1265 931 1359 995 1865.

713 1029 753 1097 Α.
777 1030 821 1094 Μ.
846 1030 936 1097 Oard.
962 1030 1101 1116 Captum
1126 1032 1170 1101 M.
1193 1034 1228 1098 P.

788 1132 825 1200 G.
848 1134 1016 1202 Betiorati
1038 1134 1069 1201 S.
1092 1136 1125 1202 P.
1149 1134 1349 1231 ¹Secretarius.

451 1308 501 1373 ΙΙ.
548 1296 762 1375 Resolntiones
784 1309 837 1377 dd.
859 1314 912 1376 28.
936 1310 1066 1392 Aprilis
1079 1279 1185 1378 1865.

301 1446 379 1513 (lum
402 1446 506 1531 itaque
527 1447 566 1512 ad
587 1447 722 1531 primum
745 1448 921 1533 quaesitum
944 1467 980 1513 er
1001 1468 1079 1515 novo
1101 1449 1227 1516 Induito
1244 1450 1365 1517 SSmmi
1392 1474 1450 1519 re·

196 1570 341 1635 sponsum
365 1551 491 1617 fuisset:
522 1571 575 1635 per·
596 1551 747 1636 jejunium
767 1543 1047 1637 quadragesimale,
1074 1554 1197 1619 etiamsi
1219 1554 1304 1620 adsit
1326 1576 1446 1623 neces-

196 1657 273 1723 sitas
292 1655 400 1721 utendi
420 1655 596 1735 lacticiniis,
619 1656 764 1721 satisfieri
785 1656 900 1740 duplici
916 1657 1009 1738 oneri,
1033 1659 1207 1742 quaesitum
1223 1660 1355 1725 ulterius
1373 1664 1448 1727 est:

199 1784 262 1829 »on
284 1762 365 1827 idean
388 1761 586 1843 Responsum
609 1760 769 1843 oppticori
786 1764 888 1843 possit
905 1764 1001 1827 etiem
1023 1764 1057 1827 in
1073 1763 1219 1846 jejuniis,
1243 1785 1322 1846 qnae
1336 1764 1445 1830 mcum

195 1866 308 1933 todeni
330 1870 421 1931 enirn
439 1864 741 1948 Quadrepesimom,
763 1866 812 1930 ito
829 1872 864 1931 nt
879 1887 941 1947 per
955 1866 1113 1949 jejunium
1127 1868 1364 1950 praescribam
1389 1890 1441 1934 en.

192 1991 241 2053 pr.
265 1974 397 2052 qreutnor
419 1970 497 2033 unni
519 1970 706 2051 temporibus
727 1970 774 2036 net
793 1970 828 2035 in
854 1971 972 2054 Vipitin
992 1970 1126 2052 oiicnjns
1145 1970 1264 2049 Sancti,
1285 1972 1442 2054 satisfieri

196 2076 289 2139 etium
305 2075 408 2155 possit
425 2074 542 2157 jonaio
564 2075 702 2158 injaoncto
722 2074 765 2141 oet
784 2075 970 2141 tncrondoen
993 2074 1136 2162 Jocbiteei
1157 2076 1414 2159 indulgentium?

248 2179 252 2187 “
300 2178 396 2242 Facta
427 2178 576 2243 relatione
610 2179 702 2263 hujus
737 2179 824 2243 dubii
862 2199 915 2263 per
955 2178 986 2246 S.
1028 2180 1304 2245 Paenitentiariam
1339 2178 1441 2245 ssmo

197 2282 328 2353 Domino
360 2282 408 2348 die
435 2284 488 2349 28.
511 2270 761 2367 Aprilis'lssdi,
794 2281 907 2350 SSmus
934 2282 1065 2367 benigne
1099 2282 1248 2363 indulsit,
1279 2284 1330 2362 ut,
1364 2302 1440 2349 cum

192 2386 310 2471 jejunio
333 2387 522 2471 praescripto
542 2388 608 2471 jam
632 2388 670 2453 ab
694 2386 832 2454 Ecclesia
854 2388 977 2471 propter
999 2386 1076 2451 alias
1096 2387 1241 2466 rationes,
1264 2390 1441 2471 possetsa·

195 2491 305 2558 tisfieri
335 2491 452 2575 jejunio
483 2491 622 2575 injuncto
653 2512 706 2577 pro
739 2490 942 2574 acquisitione
965 2489 1113 2557 dubilsai.
1163 2490 1217 2555 ‘Eu
1247 2490 1341 2555 verba
1372 2490 1439 2555 Re·

194 2596 319 2680 scripti:
347 2596 490 2679 Benigne
515 2598 626 2662 onienit
650 2617 713 2679 pro
743 2598 851 2679 pretio
881 2594 1075 2677 adimplendi
1097 2594 1213 2677 drepiac
1226 2602 1442 2702 praeceptum

194 2706 314 2767 tontnin
325 2700 358 2785 1).

453 2855 522 2926 ΙΙΙ.
559 2856 777 2923 Rescintiones
799 2857 851 2926 dd.
873 2864 925 2926 16.
949 2857 1051 2925 Mart.
1076 2853 1172 2924 1665.

296 2996 321 3063 Ι.
370 2998 437 3061 »An
460 2996 564 3063 omnia
585 3016 677 3081 opera
699 2996 853 3080 injuncta,
882 2999 930 3064 vel
966 2998 1077 3063 saltem
1110 2996 1259 3063 nonnulla
1289 3016 1324 3061 er
1347 2996 1435 3080 ipsis,

195 3101 320 3185 »peragi
343 3100 475 3165 debcant
498 3102 529 3165 in
554 3102 646 3168 unica
668 3120 703 3165 cx
726 3101 968 3167 hebdomadibus
991 3102 1024 3166 in
1046 3122 1151 3168 mense
1173 3102 1362 3186 praescripto
1384 3123 1433 3167 cc·

196 3198 412 3269 »currentibus
433 3206 481 3270 vel
507 3206 609 3270 omnia
638 3205 802 3289 adimpleri
823 3206 942 3290 possint
963 3206 1154 3290 quibuslibet
1175 3207 1290 3272 mensis
1313 3206 1431 3280 diebus,
1530 3289 1531 3296 ἵ

196 3310 317 3393 »prouti
340 3309 467 3374 cuilibet
491 3310 573 3375 fideli
594 3311 746 3394 placeat«
859 3370 864 3390 Ι

200 3433 203 3441 ’
296 3413 338 3480 ll.
386 3416 454 3477 »An
477 3414 508 3477 in
529 3414 655 3499 jejuniis
677 3416 831 3510 impositis
853 3416 1014 3499 tamquam
1034 3405 1176 3500 operibus
1196 3414 1360 3499 injunctis,
1386 3414 1430 3479 nti

195 3517 282 3602 »quis
302 3516 399 3600 possit
420 3516 581 3601 privilegio
604 3518 663 3584 sibi
684 3508 826 3585 concesso
849 3538 884 3583 er
907 3520 1000 3585 Bulla
1020 3520 1196 3587 cruciata«
1355 3528 1358 3532 ·

169 3674 176 3684 .
296 3609 353 3687 Ill.
402 3621 486 3701 »An,
511 3622 549 3687 ad
573 3612 738 3712 facultates
761 3623 939 3689 absolvendi
958 3625 1038 3707 quod
1060 3624 1190 3704 attinet,
1204 3613 1291 3689 'aliae
1314 3622 1423 3687 limita-

195 3725 313 3789 stiones
336 3724 509 3789 habeantur
529 3726 651 3808 praeter
671 3744 741 3806 eas,
764 3727 964 3811 quaefactae
987 3728 1060 3793 suut
1083 3726 1118 3792 in
1140 3727 1256 3805 Breve,
1279 3727 1360 3809 quod
1383 3727 1428 3789 in·

298 3882 323 3949 l)
341 3883 373 3937 ln
393 3898 445 3951 qno
463 3881 592 3952 rescripto
610 3880 845 3947 animadversione
861 3882 1032 3951 estdignum
1045 3882 1114 3939 illud
1126 3881 1283 3939 adverbium
1299 3886 1430 3944 tantum,

192 3986 245 4039 quo
263 3969 411 4031 indicatur,
440 3968 551 4029 SSmum
578 3985 633 4023 non
659 3968 807 4039 intendisse
825 3968 967 4039 indulgere
986 3987 1035 4038 pro
1053 3969 1185 4039 ejusmodi
1201 3966 1323 4037 jejuniis,
1353 3966 1429 4019 laeti·

191 4056 321 4110 ciniorunr
341 4072 430 4120 usum,
457 4054 537 4109 sicuti
555 4055 705 4109 indulserat
729 4058 850 4127 ternpore
875 4044 1111 4125 Quadragesirnae.
1148 4054 1236 4122 Quare
1254 4069 1301 4122 per
1317 4052 1429 4121 jejunis,

191 4159 260 4212 quse
284 4143 429 4197 obveniunt
450 4145 570 4212 ternpore
589 4142 743 4217 Adventus,
771 4144 800 4197 in
824 4143 935 4213 Vigiliis
953 4147 1003 4199 etc.
1029 4142 1157 4199 satisfieri
1173 4142 1257 4198 etiam
1275 4157 1291 4195 a
1308 4139 1429 4210 quolibet

191 4232 281 4297 potest
300 4230 431 4303 injunctis
449 4230 568 4285 Jubilaei
583 4229 710 4299 jejuniis,
734 4232 856 4289 attamen
880 4230 1011 4285 lacticinii
1032 4246 1097 4285 usus
1116 4228 1300 4299 proscribitur.
1336 4226 1428 4281 Proin·

157 4358 159 4363 -
191 4318 276 4387 deque
295 4319 318 4371 si
336 4317 364 4370 in
383 4317 475 4386 aliqua
496 4316 618 4373 Dioecesi
640 4317 785 4371 necessitas
812 4317 932 4387 erigeret
956 4316 1150 4372 lacticiniorum
1176 4332 1269 4379 usum,
1293 4313 1428 4368 indultum
1454 4369 1457 4376 ,

190 4406 361 4475 particulare
372 4404 561 4474 postulandum
580 4407 650 4459 esset
669 4420 685 4472 a
703 4405 735 4459 n.
756 4404 895 4471 Pontifices,
914 4404 962 4477 qui
978 4404 1135 4477 ceterqquiu
1147 4419 1195 4475 per
1208 4402 1235 4457 S.
1245 4402 1427 4457 Poeuitentin·

191 4492 267 4565 risen,
285 4492 386 4549 iutuitu
404 4489 741 4569 peculiariumtratiouurn,
758 4490 840 4561 hujus
858 4491 966 4564 generis
983 4490 1088 4563 gratias
1103 4489 1161 4565 jem
1179 4487 1252 4564 abes
1266 4489 1401 4547 concessit
