3109 4859
170 47 232 111 162
398 53 403 74 ⁸
473 65 585 120 Stalai.
606 63 706 136 Cupit.
723 71 813 122 metr.
832 64 969 123 Olomuc
988 82 1054 138 cap.
1072 63 1101 122 9.
1222 47 1230 58 ⁴

167 238 258 324 regii,
280 238 334 322 qui
355 237 413 303 sub
436 237 495 304 bac
514 237 666 304 meusium
683 237 888 305 alternatione
904 229 1082 305 nullatenus
1097 238 1408 323 comprehenduntur,

168 343 222 408 sed
245 343 271 408 si
294 342 482 408 Canopicum
505 343 627 427 regium
655 360 835 424 quocunque
868 344 1004 426 tempore
1039 343 1086 413 vel
1119 343 1186 407 loen
1218 344 1301 407 onim
1334 362 1406 408 con-
1545 343 1547 346 ’

167 446 282 530 tingat,
305 446 505 528 Serenissimo
528 445 695 510 Bohemiae
719 445 798 530 Regi
817 446 880 529 jus,
903 445 943 510 ad
966 431 1104 530 eiusdem
1124 450 1285 512 vacantem
1309 446 1408 513 Cano-

169 549 305 614 nicatnm
328 549 412 614 aliud
433 549 538 614 habile
560 549 736 632 subjectum
759 548 938 614 nominandi
966 552 999 614 et
1026 550 1259 633 praesentandi,
1289 570 1410 635 semper

167 652 299 717 liberum
324 653 438 719 manet.
898 704 904 715 .
1299 715 1303 721 .

272 756 302 839 d.
325 757 355 822 2.
389 755 421 820 Si
445 755 627 820 canonicum
647 774 829 840 quocunque
843 758 982 840 tempore
997 757 1081 824 obire
1097 759 1268 842 contingat,
1288 777 1409 841 semper
1545 758 1546 817 ἶ

167 860 290 924 tantum
315 860 513 925 canonicatus
535 859 742 926 domicellaris
759 865 858 938 vacat,
881 861 955 944 quia
974 862 1181 929 canonicatus
1197 863 1409 928 residentiales
1545 878 1547 915 ῑ

168 962 360 1028 solummodo
383 981 436 1047 per
458 953 628 1029 Oauonioos
650 964 873 1043 domicellam,
898 955 1054 1048 requisitis
1077 985 1131 1050 pro
1153 965 1339 1050 capessenda
1362 985 1411 1030 re·

168 1065 303 1131 sidentia
325 1067 384 1132 rite
407 1067 578 1133 instructos
600 1051 755 1150 compleri
769 1068 802 1132 iu
824 1087 882 1133 usu
905 1070 938 1134 et
961 1068 1183 1153 praescriptum
1206 1072 1262 1135 est.

272 1170 300 1254 ξ.
323 1172 353 1238 3.
399 1170 565 1252 Quaelibet
587 1172 731 1236 vacantia
755 1170 963 1238 canonicatus
978 1173 1156 1239 Oelsissimo
1173 1167 1410 1257 Arelriepiscopo
1545 1181 1547 1243 i

169 1291 188 1336 a
210 1273 293 1338 lideli
317 1275 718 1358 Metropoliteuocapitulo
741 1275 917 1341 notificetur
939 1280 972 1342 et
993 1296 1056 1343 una
1072 1297 1192 1361 semper
1210 1279 1409 1361 exprimatur,

169 1394 209 1440 an
234 1375 439 1454 Canonicatus
462 1379 570 1446 stricte
592 1380 698 1464 regius
720 1382 819 1457 vacet,
845 1382 901 1446 aut
922 1401 961 1446 au
984 1400 1096 1446 vacans
1114 1381 1320 1447 canonicatus
1334 1381 1410 1446 talis

169 1480 220 1555 sit,
245 1482 333 1565 cujus
356 1483 488 1566 provisio
511 1503 547 1548 ex
570 1483 774 1548 alternatione
797 1484 949 1548 mensium
979 1485 1018 1548 ad
1046 1482 1281 1551 serenissimum
1311 1489 1411 1550 terrae

171 1583 346 1668 Principem
369 1590 424 1652 aut
448 1588 486 1653 ad
518 1588 698 1654 electionem
733 1587 938 1670 capitularem
967 1591 1105 1672 spectet,
1139 1589 1174 1654 in·
1207 1608 1266 1672 quo
1300 1591 1410 1654 ultimo

169 1707 252 1765 carn,
275 1690 341 1755 dies
366 1708 420 1775 pro
440 1692 589 1757 electione
610 1691 776 1774 capitulari
800 1690 1009 1757 determinata
1031 1692 1246 1776 patefacienda
1269 1687 1326 1759 est.

272 1795 300 1878 ἕ.
322 1795 353 1860 4.
399 1796 458 1860 Pro
481 1795 620 1878 quolibet
640 1779 824 1860 canonicatu
846 1797 995 1875 vacante,
1030 1797 1073 1862 sit
1107 1797 1160 1862 illc
1191 1796 1410 1862 nominationis

168 1888 290 1980 regiae,
326 1899 382 1963 aut
404 1898 584 1981 capitularis
608 1898 785 1985 electionis,¹
818 1917 983 1963 concursus
1005 1899 1035 1962 in
1057 1899 1271 1969 conformitate
1293 1899 1410 1965 decreti

168 2002 263 2066 aulici
287 2002 349 2068 dto.
374 2003 404 2067 3.
423 2001 567 2083 ianuarii
590 2003 673 2068 1818
696 2005 728 2066 et
750 2002 783 2065 in
805 2003 903 2067 torma
923 2004 1113 2087 praescripta
1124 2003 1155 2067 in
1171 2003 1410 2082 Archidioecesi‚

168 2105 349 2188 etquidem
373 2125 426 2189 per
449 2105 717 2189 Archiepiscopale
740 2105 964 2185 consistorium
985 2107 1170 2190 publicetur.
1249 2142 1252 2148 ·
1296 2147 1300 2160 ·

271 2211 298 2292 ἕ.
325 2211 371 2277 5.x
402 2208 593 2294 utquam
616 2209 840 2276 Canonicatum
864 2209 1094 2276 domicellarem
1118 2211 1193 2294 eligi
1214 2211 1329 2294 possit,
1362 2231 1410 2274 re-

168 2312 302 2396 quiritur
324 2313 355 2378 vi
379 2315 525 2380 altissimi
549 2314 673 2379 Decreti
693 2313 788 2378 aulici
810 2313 874 2379 dte.
897 2315 928 2378 5.
951 2313 1059 2378 Martii
1085 2315 1183 2379 1805:

273 2419 305 2501 a)
326 2417 487 2483 Nobilitas
510 2418 625 2500 gradus
648 2414 761 2482 saltem
785 2419 887 2483 status
909 2417 1069 2499 equestris,

273 2521 306 2606 b)
327 2521 551 2588 Testimonium
586 2522 663 2586 bono
697 2541 768 2586 cum
801 2521 941 2604 proiectu
975 2521 1108 2586 absoluti
1141 2519 1238 2586 studii
1273 2520 1409 2603 philoso-

168 2624 253 2708 phici
275 2627 307 2690 et

272 2729 302 2814 c)
325 2729 520 2816 Attest'atum
546 2749 665 2794 morum
685 2728 889 2812 integritatis.

271 2834 354 2917 §.d
400 2833 432 2898 Si
456 2833 554 2918 igitur
576 2833 759 2898 canonicum
781 2834 812 2898 in
829 2851 933 2907 mense
949 2831 1116 2916 capitulari
1130 2831 1215 2896 obire
1230 2831 1406 2915 contigerit,

167 2937 315 3003 vocentur
330 2935 368 3001 ad
386 2936 566 3002 electionem
581 2936 800 3016 Neocanonici‚
822 2955 927 3002 omnes
944 2935 1088 3000 absentes
1106 2934 1242 3000 Praelati
1263 2933 1410 2999 canonici

168 3039 362 3124 Capitulares
385 3042 416 3104 et
438 3040 654 3109 domicellares
683 3040 716 3106 in
743 3059 829 3106 sacro
858 3039 1095 3124 Presbyteratus
1117 3038 1223 3104 ordine
1246 3037 1410 3103 constituti

168 3145 324 3210 mediante
347 3144 472 3210 edictali
495 3145 641 3220 citatione
665 3145 703 3210 ad
729 3145 833 3211 valnas
855 3144 1115 3227 Metropolitanae
1138 3143 1286 3208 ecclesiae
1306 3142 1409 3220 affixa,

168 3268 227 3314 non
250 3250 356 3314 tamen
379 3264 432 3331 per
454 3248 602 3332 speciales
624 3248 731 3314 literas
754 3249 945 3326 inuitentur,
977 3252 1009 3312 et
1031 3250 1108 3312 haec
1130 3246 1241 3312 electio
1264 3247 1296 3311 iu
1317 3245 1410 3330 Capi·
1545 3320 1546 3323 Ἴ

168 3353 234 3417 tulo
257 3354 313 3429 aut
334 3371 387 3436 per
409 3352 592 3422 scrutinium
616 3361 670 3420 aut
694 3373 747 3438 per
767 3354 1030 3430 acclamationem,
1052 3353 1144 3436 prout
1164 3351 1248 3416 fideli
1265 3349 1409 3434 (lapitulo

168 3456 268 3522 visum
292 3456 394 3536 luerit,
418 3457 599 3525 celebretur.
1180 3507 1183 3521 .

240 3557 300 3644 ‘§.
324 3561 352 3624 7.
398 3560 447 3626 Ad
482 3561 668 3645 praemissas
702 3549 869 3628 electiones
901 3561 1005 3627 autem
1034 3557 1250 3642 progrediatur
1284 3561 1408 3641 propter
1545 3562 1546 3573 ¹

168 3683 347 3737 concursus¹
367 3664 592 3743 ordinationem
627 3669 697 3750 post
729 3686 781 3758 sex
815 3666 1060 3750 septimanarum
1096 3663 1249 3747 spatium,
1287 3680 1408 3744 semper

168 3771 273 3834 tamen
297 3769 377 3833 intra
400 3769 558 3834 trimestre
581 3787 600 3834 a
621 3769 671 3834 die
695 3765 854 3836 vacantiae
878 3770 927 3836 uel
948 3768 1051 3833 obitus
1075 3765 1297 3850 computando,
1320 3783 1407 3828 secus

166 3874 217 3959 jus
240 3869 416 3940 cumbrandi
444 3872 541 3938 alium
568 3871 754 3940 Canopicum
778 3854 820 3939 ad
841 3872 1076 3939 serenissimum
1102 3872 1218 3955 Regem
1244 3869 1408 3934 Bohemiae

168 3978 350 4044 devolvitur.
389 4053 396 4060 ἱ
1096 4059 1099 4066 Ι

271 4079 299 4164 5.
324 4081 354 4147 8.
400 4079 563 4160 Quaelibet
585 4082 710 4164 peracta
724 4081 835 4147 electio
854 4080 1052 4158 canonicalis,
1076 4078 1201 4144 adnexis
1216 4076 1407 4161 supplicibus

168 4205 238 4250 cum
258 4184 322 4249 suis
345 4183 490 4268 allegatis
514 4183 690 4252 celsissimo
713 4185 951 4269 Archiepiscopo
975 4183 1165 4248 notificanda
1183 4183 1240 4262 est,
1263 4181 1357 4246 simul
1376 4182 1407 4244 et
1545 4264 1546 4271 ἵ

166 4287 386 4374 supplicandus
421 4289 498 4368 erit,
532 4292 568 4355 ut
602 4289 732 4373 desuper
766 4289 951 4358 altissimam
985 4286 1248 4353 confirmationem
1278 4284 1404 4370 regiam,

166 4395 274 4477 utpote
298 4393 453 4458 caliditati
476 4393 875 4472 electionisnecessariam‚
900 4391 1062 4457 accebrare
1086 4391 1276 4475 dignaretur.
