3109 4859
360 86 472 141 secors
489 86 574 139 err.
596 88 751 141 atrocum
771 86 877 139 saorra
896 88 946 141 me
964 88 991 140 4.
1010 86 1087 164 nup.
1106 83 1189 142 asar:
1331 72 1394 140 309

21 284 26 325 r
39 290 53 335 ς,
151 260 260 341 queat,
284 278 351 323 non
367 240 733 339 eamdom‘improborum
759 258 895 323 futuram
919 258 1098 335 audaciam,
1122 260 1148 324 si
1173 261 1236 325 Nos
1255 260 1394 327 incedere

21 390 53 442 ,³53
151 362 367 429 convenienter
390 362 538 445 dignitati
561 362 694 426 Nostrae
716 381 770 445 per
793 362 907 427 Urbem
931 365 1131 445 spectarent?
1166 365 1352 431 Praesertim
1368 367 1394 429 si

151 468 260 531 datam
281 466 342 533 sihi·
363 484 486 530 caussam
508 466 670 548 putarent,
692 466 784 549 qnod
811 466 883 550 Nos
903 466 1038 530 officinm
1062 468 1214 550 coegisset
1236 471 1291 532 aut
1314 469 1396 533 latas

21 603 52 665 l?
150 573 184 636 in
208 571 289 636 Urbe
308 571 393 654 loges
416 588 475 633 non
495 569 597 651 justas
620 568 787 646 damnare,
819 572 875 633 aut
894 570 1058 652 quicquam
1082 570 1167 635 aliud
1190 572 1312 653 publice
1337 592 1396 637 non

148 675 363 757 jure'gestum
388 672 619 755 reprehendere.
666 672 859 756 Quapropter
886 674 987 756 magis
1015 674 1176 757 magisque
1200 676 1396 759 intelligitur,

45 774 47 776 ’
154 797 211 843 nou
236 778 296 860 alio
320 778 407 841 niodo
431 777 493 839 Nos
519 777 633 840 Romae
656 795 844 858 nuncposse
867 778 1055 855 consistere,
1086 797 1177 859 qnam
1210 780 1242 843 iu
1269 781 1397 844 aedibus

153 879 313 945 Vaticanis
336 880 483 961 captivos.
529 880 626 943 lmnro
658 880 684 943 si
714 880 784 962 quis
814 882 934 945 attente
963 882 1047 944 certa
1076 868 1191 944 indicia
1214 883 1395 961 consideret,

154 1004 232 1069 quae
257 984 370 1066 passim
393 986 573 1065 erumpunt,
596 984 749 1066 simulque
772 984 906 1067 cogitet,
939 986 1044 1066 aperte
1066 984 1279 1067 conjuravisss
1297 990 1398 1052 sectas

153 1092 185 1154 in
210 1088 362 1153 excidium
385 1086 531 1153 catholici
554 1087 700 1162 nominis,
725 1105 783 1151 non
808 1087 874 1151 sine
893 1106 1003 1151 caussa
1023 1087 1170 1151 affirmari
1195 1091 1313 1169 potest,
1338 1092 1396 1155 ad-

155 1212 259 1259 versus
283 1190 452 1255 Ecclesiam
476 1189 593 1254 Christi
614 1192 645 1253 et
668 1190 851 1254 Pontificem
866 1192 1066 1277 ‚maximum
1096 1190 1249 1275 fidemque
1280 1195 1397 1259 avitam
1497 1248 1501 1253 .

155 1297 304 1361 Italorum
330 1294 544 1377 perniciosiora
561 1294 689 1357 consilia
711 1296 869 1359 maturari.

229 1422 233 1427 ·
262 1400 325 1464 Nos
348 1399 471 1481 quidem
496 1398 534 1462 ad
555 1395 631 1461 istos
647 1398 889 1479 ingravescentis
904 1399 1083 1463 certaminis
1095 1402 1209 1487 gradus
1222 1402 1399 1486 diligenter,

157 1506 204 1568 uti
227 1503 382 1581 dehemus,
407 1502 616 1578 attendimus:
647 1502 814 1585 eodemque
843 1506 981 1587 tempore
1008 1505 1081 1586 quid
1113 1491 1210 1569 Nohis
1233 1506 1271 1571 ad
1295 1507 1399 1571 delen·

158 1610 275 1673 sionem
300 1607 431 1671 marimo
455 1605 598 1688 expediat
620 1605 832 1687 ponderamus.
879 1606 938 1690 Spe
961 1608 1044 1672 oanni
1067 1608 1098 1671 iu'
1123 1609 1186 1673 Deo
1209 1611 1325 1691 posita,
1352 1612 1399 1675 di-

159 1714 273 1777 micare
307 1730 428 1775 summa
461 1710 655 1775 contentione
690 1714 808 1775 certum
839 1724 884 1775 est
913 1730 966 1793 pro
996 1711 1210 1778 incolumitate
1234 1716 1399 1793 Ecclesiae,

158 1838 212 1901 pro
234 1816 378 1880 libertate
400 1814 575 1893 PontihciS,
594 1834 662 1896 ,pro
686 1815 809 1897 juribus
836 1817 868 1879 et
889 1816 1055 1898 majestate
1077 1814 1165 1881 Sedis
1189 1820 1400 1903 Apostolicae:

28 1910 37 1917 ³
74 1969 78 1975 .
158 1922 190 1986 in
213 1939 306 2005 eoque
329 1918 496 1984 certamine
521 1936 573 1982 nec
596 1918 717 1983 labores
739 1920 860 2003 fugere,
892 1938 948 1984 noo
971 1919 1171 1985 difficultates
1195 1923 1401 1990 reformidare.

159 2026 266 2109 Neque
308 2024 529 2107 propugnaturi
562 2024 617 2089 soli
654 2043 782 2099 sumus,
817 2025 960 2106 quoniam
995 2025 1111 2089 vertuti
1147 2028 1402 2110 constantiaeque

163 2130 299 2206 Vestrae,
325 2126 527 2209 venerabiles
546 2127 686 2202 Fratres,
709 2127 876 2209 plurimum
899 2128 930 2191 in
954 2146 1060 2192 omrres
1083 2130 1187 2211 partes
1211 2131 1401 2195 confidimns.

161 2235 207 2297 Ac
231 2252 289 2295 rron
312 2231 371 2296 levi
394 2232 488 2295 etiam
513 2230 560 2295 rel
582 2230 693 2294 solatio
718 2231 763 2294 vel
787 2230 968 2312 adjumento
981 2237 1038 2295 est
1062 2232 1204 2303 voluntas
1236 2234 1268 2296 et
1294 2232 1403 2315 religio

162 2320 385 2413 Rornanorum,
417 2334 469 2417 qui
500 2332 608 2397 multis
639 2332 759 2397 insidiis
783 2335 983 2399 circumventi
1007 2337 1099 2418 atquc
1120 2336 1262 2399 omnibns
1284 2335 1404 2400 artibus

161 2439 335 2515 sollicitati,
368 2443 471 2501 tamen
505 2438 537 2499 in
569 2437 713 2519 obsequio
748 2438 922 2517 Ecclesiae,
958 2439 988 2501 iu
1012 2438 1072 2503 tide
1095 2439 1256 2504 Pontificis
1279 2440 1403 2502 maximi

161 2544 311 2628 singulari
345 2541 526 2606 tortitudine
560 2542 773 2623 perseverant,
794 2540 987 2625 ‘nrrllunrqno
1020 2542 1121 2606 locum
1149 2543 1405 2625 praetermittunt

161 2646 392 2713 demonstrandi
415 2645 594 2738 quamlalto
618 2664 670 2710 eas
692 2645 823 2711 virtutes
842 2646 1012 2729 insculptas
1036 2646 1138 2711 animo
1162 2647 1328 2711 retineant.
1390 2680 1394 2692 f

269 2825 279 2833 ‘
355 2860 357 2864 -
452 2819 501 2885 De
523 2818 716 2885 Hierorohio
739 2818 948 2884 ecclesiastico
969 2820 1114 2885 instillato

552 2932 588 2997 iu
611 2931 737 2997 Roscio
758 2936 787 2995 ct
809 2930 1015 3013 Eraepooc'no.

181 3058 183 3061 ’
271 3062 490 3140 intereavero,
515 3078 703 3144 quamquam
727 3062 757 3125 in
781 3060 911 3124 summis
932 3061 980 3138 iis,
1004 3078 1081 3141 quas
1106 3060 1247 3139 diximus,
1271 3062 1304 3123 et
1326 3064 1405 3124 tern-

164 3186 272 3250 porum
296 3164 327 3230 et
351 3186 453 3230 rerum
476 3166 714 3230 difficultatibus
739 3183 909 3242 versemur,
943 3166 1047 3227 tarnen
1075 3164 1212 3229 muneris
1236 3163 1406 3245 Apostolici

166 3288 332 3344 memores,
361 3288 482 3352 operam
515 3269 660 3333 Nostram
683 3269 714 3331 iu
736 3288 769 3331 re
792 3269 946 3332 catholica
970 3268 1136 3351 vigilanter
1160 3267 1407 3333 administranda

166 3374 325 3451 collocare,
348 3375 497 3456 quantum
521 3374 605 3449 licet,
630 3390 689 3436 non
714 3371 1008 3454 praetermittimus3
1035 3375 1128 3455 atque
1151 3372 1317 3455 adjuvante
1340 3373 1407 3435 stne

166 3477 249 3541 diurn
274 3477 423 3542 Nostrum
445 3494 567 3543 summa
590 3476 646 3542 Dei
669 3476 870 3560 benignitate,
896 3475 1134 3541 christianarum
1158 3476 1297 3560 gentium
1321 3475 1407 3539 utili·

166 3581 225 3645 tati
247 3580 361 3671 servire
383 3583 549 3665 pergimus.
578 3616 619 3669 -7
637 3579 736 3661 Quam
759 3579 798 3644 ad
811 3600 886 3643 rem
910 3580 1041 3645 libentes
1063 3598 1338 3645 commemoramus
1352 3579 1407 3643 hoc

166 3687 233 3751 loco
263 3686 393 3749 collatas
423 3704 519 3769 nuper
546 3686 577 3749 in
610 3684 754 3749 Bosniam
785 3685 817 3749 et
838 3683 1058 3768 Erzegorinarn
1081 3702 1181 3751 curas.
1227 3683 1304 3748 Cum
1325 3684 1406 3746 enim

168 3790 256 3854 valde
286 3808 466 3871 cuperemus
496 3808 559 3855 rem
591 3806 709 3853 sacram
742 3790 773 3852 in
799 3788 837 3852 iis
861 3788 1037 3870 regionibus
1059 3788 1170 3863 melius
1193 3787 1332 3851 ordinare
1354 3785 1406 3849 fir·

169 3892 307 3977 uniusque
330 3893 480 3971 stabilire,
503 3891 736 3957 communicatis
756 3910 825 3955 cum
849 3890 1007 3956 carissimo
1026 3890 1408 3956 inCh1·istoEilicNostro

171 3996 330 4079 Francisco
343 3996 488 4080 ’Josopho
510 3996 657 4061 nustriae
683 3995 872 4078 Imperatore
893 3996 924 4059 et
948 3996 1127 4079 Huugariae
1150 4014 1223 4077 rege
1236 3994 1408 4077 apostolico

169 4102 323 4179 consiliis,
353 4100 558 4166 hierarchiam
593 4099 835 4165 ecclesiasticam
859 4098 889 4162 in
912 4099 951 4168 iis
974 4100 1138 4181 prouinciis
1161 4098 1407 4163 constituendam

170 4204 353 4269 curavimus.
386 4205 501 4288 ,Hujus
526 4206 569 4269 rei
593 4222 702 4267 caussa
725 4202 828 4267 sedern
851 4202 935 4266 urhis
956 4201 1135 4285 Serajensis,
1156 4220 1236 4284 quae
1261 4202 1407 4266 Bosuisn·

170 4309 248 4371 sium
260 4308 393 4376 -urhinrn
409 4308 550 4391 princeps
567 4307 707 4385 lmhctur,
732 4306 995 4389 Archiepiscopali
1012 4308 1043 4369 et
1057 4304 1408 4389 Metropolitanadigni·

169 4412 234 4475 tate
256 4412 414 4489 araxirnus,
438 4431 473 4475 ac
500 4412 759 4477 Verhhosuensorn
784 4410 932 4493 appellari
952 4409 1118 4490 jussimus:
1140 4410 1300 4492 eidemque
1322 4409 1410 4473 sedes
