3109 4859
206 42 287 88 Μ
296 59 297 62 =

206 73 375 174 iflfllonpr.
395 91 432 146 de
452 90 544 158 Prop.
564 89 640 143 Fide
660 106 687 142 o.
707 87 785 142 1880
803 89 840 142 de
860 102 943 140 cous.
962 90 1050 140 crim.
1069 89 1263 140 clericorum.

207 245 276 328 ·.‚''5‚·‘
294 259 377 326 Hinc
400 262 549 328 absonum
573 263 630 339 est,
655 263 691 326 ut
712 261 744 325 in
761 279 843 337 casu,
866 260 905 326 de
920 280 981 343 quo
996 260 1064 344 egit
1081 258 1256 340 instructio,
1272 258 1383 324 horum

186 361 396 430 miliariorum
419 366 528 432 electio
549 365 586 430 od
613 365 736 430 Clerum
758 365 922 448 pertineat.

246 469 340 534 Extra
363 469 518 554 Synodnrn
543 469 652 534 electio
675 469 816 534 absolute
839 469 878 533 nd
902 469 1086 551 Episcopum
1110 468 1258 552 pertinet,
1291 487 1382 550 quem

217 573 232 636 t
272 574 308 637 ut
330 575 434 638 votum
458 572 567 638 audiat
590 573 777 656 reliquorum
802 573 1054 638 Consilieriorum
1076 572 1107 636 iu
1132 591 1205 637 cusu
1228 572 1381 654 subroge-

209 675 236 740 is
258 675 391 760 alicujus
414 676 467 759 qui
487 675 650 756 deiecerit,
674 680 766 760 prout
788 678 957 760 Episcopus
979 676 1010 740 in
1034 695 1107 742 casu
1128 675 1299 742 deficientis
1324 675 1383 740 du-

205 799 220 850 s
250 779 413 866 Synodalis
435 782 521 848 dedet
543 783 706 865 exquirere
729 781 872 864 Capituli
892 781 1075 858 seruilium,
1103 781 1161 846 sed
1189 780 1274 846 illud
1295 779 1384 862 sequi

104 905 108 914 ¹
129 905 206 974 Μ
226 874 354 957 tenello.

118 979 120 984 ’
246 989 312 1054 ΙΙΙ.,
341 989 454 1055 Votum
479 1009 498 1054 c
521 990 656 1056 Consilio
679 989 788 1056 datum
810 992 858 1056 est
879 1009 1001 1075 semper
1025 987 1234 1055 consultivum
1256 986 1289 1050 ct
1312 996 1382 1048 sen-

106 1147 109 1152 .
158 1091 244 1156 entia
258 1091 427 1158 definitive
450 1093 600 1176 Episcopo
622 1096 669 1158 est
692 1096 867 1170 reservate3
888 1093 1010 1175 qnando
1025 1091 1106 1158 enirn
1121 1091 1260 1191 Eunones
1276 1087 1384 1152 dicunt

107 1193 119 1268 s
144 1191 262 1277 aliquid
292 1196 332 1260 eb
366 1195 515 1280 Episcopo
550 1197 599 1261 de'
622 1197 759 1280 Capituli
794 1197 841 1262 vel
874 1197 956 1263 Cleri
979 1196 1107 1262 consilio
1129 1193 1284 1280 agendum
1307 1211 1382 1272 esse,

115 1293 203 1374 4⁴ncn
222 1301 382 1382 propterea
405 1301 620 1366 necessitatem
640 1301 701 1385 ipsi
723 1301 873 1384 Episcopo
895 1301 1048 1365 inducunt
1078 1299 1156 1364 illud
1188 1297 1291 1381 sequi,
1324 1295 1384 1360 nisi

104 1409 105 1412 ’
136 1415 281 1488 'expresse
304 1402 337 1466 id
359 1404 485 1468 cautum
509 1405 559 1469 sit.
595 1405 677 1468 Hinc
699 1407 784 1470 recte
806 1404 921 1469 dicitnr
937 1404 969 1467 in
991 1402 1208 1479 Instructicne‚
1231 1401 1288 1464 hos
1304 1399 1384 1464 (lou-

143 1505 274 1596 silicrios
297 1506 512 1590 Episcopum
534 1508 849 1592 enmiodeptm'eocde's
876 1507 1033 1573 accillum
1055 1507 1226 1588 praebere,
1257 1502 1383 1568 minime

9 1597 50 1606 ’
96 1629 103 1636 ’·
123 1595 124 1598 “
143 1627 214 1675 vero
233 1611 316 1693 ipsos
337 1610 485 1676 decidere.
530 1611 590 1676 Sed
613 1610 823 1696 inquisitionis
845 1612 915 1676 acta
938 1612 969 1676 et
992 1611 1094 1693 opinio
1116 1609 1243 1692 pandite
1266 1606 1381 1706 nilon-

143 1713 269 1778 silisriis
293 1716 341 1779 est
363 1733 482 1798 semper
503 1716 667 1782 inserenda
688 1713 853 1798 processui.

246 1817 290 1881 Er
310 1818 421 1900 quibus
444 1821 537 1902 petet
552 1819 697 1884 Officium
722 1817 975 1882 consiliariorum
995 1817 1144 1900 judiciale
1166 1815 1290 1900 quidem
1306 1834 1384 1891 csse,
1426 1875 1437 1896 ,

142 1939 212 1986 curn
227 1921 400 1988 ,instructio
422 1924 464 1988 sit
485 1923 596 1988 iisdem
619 1923 797 2001 commisse,
821 1942 857 1986 ae
880 1925 1041 2006 tamquam
1064 1919 1237 1988 adsessores
1256 1919 1383 2002 Episco-

113 2033 123 2114 [
143 2041 196 2108 pos
217 2024 391 2111 adsistant;
414 2027 468 2091 sed
490 2028 577 2110 petet
599 2027 696 2092 etiam
713 2025 873 2110 judicialis
887 2027 919 2091 et
935 2025 1111 2091 definitivae
1126 2023 1299 2091 sentcntiae
1314 2041 1383 2106 pro-

174 2128 288 2194 tionem
310 2129 459 2213 Episcopo
482 2149 548 2196 esse
572 2130 661 2194 unico
683 2132 882 2196 reservatum.

109 2311 115 2322 Ι,
181 2273 183 2278 ,
247 2234 301 2297 IV.
337 2233 396 2297 Per
419 2234 660 2299 Instructionem
683 2234 808 2298 sublate
827 2253 886 2299 uon
903 2236 951 2298 est
965 2233 1124 2316 Episcopis
1141 2231 1384 2298 extraordinarie

130 2337 274 2406 ,facultas
302 2338 484 2420 procedendi
506 2338 545 2402 ad
564 2339 796 2421 suspensionem
818 2360 857 2405 ee
878 2339 1052 2421 informate
1074 2337 1279 2413 conscientie,
1308 2355 1384 2418 quc-

142 2441 234 2506 tcnns
256 2441 455 2525 grauissimas
475 2445 508 2508 et
530 2443 691 2507 canonicas
715 2461 826 2508 causas
848 2461 1028 2508 concurrere
1049 2442 1082 2506 in
1106 2439 1237 2506 Domino
1256 2438 1381 2522 judion-

144 2542 260 2622 verint‚
284 2546 340 2610 eut
360 2545 449 2630 gravi
472 2547 504 2611 et
526 2547 656 2630 urgente
681 2546 866 2611 necessitate
888 2564 942 2628 pro
965 2546 1068 2610 salute
1091 2545 1264 2609 animarum
1287 2542 1383 2608 etiam

119 2641 202 2712 'non
226 2647 332 2713 andito
356 2647 501 2726 Consilio,
523 2648 659 2714 remedio
682 2649 786 2733 aliquo
808 2649 1030 2732 providendum
1052 2668 1118 2715 esse
1140 2647 1324 2714 censuerint.

246 2751 391 2817 Liberum
414 2755 523 2837 cuique
545 2753 670 2819 Rectori
693 2755 741 2818 est
764 2753 862 2818 alium
884 2752 1082 2818 Sacerdotem
1105 2753 1144 2817 ab
1156 2751 1311 2833 {Episcopo
1328 2768 1384 2832 ep·

134 2854 333 2936 probandum
361 2875 466 2922 seeum
500 2857 613 2922 habere
649 2877 753 2922 coram
786 2855 920 2924 Consilio
952 2857 1015 2921 sive
1049 2856 1088 2920 nd
1122 2854 1295 2938 simplicem
1328 2851 1384 2916 ad·

115 3013 117 3020 „
159 2955 166 2970 ⁹
184 2959 325 3040 tentiam,
350 2960 414 3027 siue
435 2963 474 3028 ad
490 2981 561 3027 sues
577 2961 856 3028 animadversiones
871 2964 928 3026 cut
943 2961 1149 3026 defensionem
1166 2958 1382 3025 exhibendum.

562 3084 659 3150 Joan.
684 3083 774 3148 eard.
794 3083 933 3149 Simeoni
955 3081 1038 3148 Secu.
1063 3081 1174 3164 Gongr.
1197 3081 1308 3158 Praet,

716 3187 751 3254 J.
774 3188 818 3254 B.
842 3187 993 3271 Accessi,
1017 3185 1133 3252 Secret.
