3109 4859
161 42 224 106 244
265 60 359 116 Leon.
379 60 463 115 XIII.
483 60 605 131 Eacycl.
624 62 653 114 d.
672 60 717 115 29.
736 61 810 116 Jun.
828 61 900 115 1881
919 61 956 115 de
975 64 1093 153 auctam
1113 59 1174 127 pol.
1194 56 1334 127 imperii!

99 256 101 261 ·
162 228 357 307 erudelitate,
378 230 430 295 isti
451 230 594 315 obsequio
617 234 734 297 certare
757 232 942 298 viderentur.
987 230 1089 295 Tanta
1105 230 1209 294 autem
1232 228 1397 307 modestia,

161 334 226 398 tam
250 335 335 399 certa
357 334 483 417 parendi
506 336 648 401 voluntas
670 336 739 419 plus
762 337 829 399 erat
851 333 983 417 cognita,
1008 352 1099 417 quarn
1121 335 1157 399 ut
1170 333 1326 398 obscurari
1343 353 1399 416 per

161 437 347 502 calumniam
381 437 593 520 malitiamque
626 438 821 503 inimicorum
854 439 964 521 posset.
1022 436 1226 517 Quamobrem
1258 436 1311 519 qui
1342 455 1399 519 pro

161 541 329 606 christiano
359 541 479 606 nomine
510 544 611 607 essent
639 542 719 625 apud
740 542 940 625 imperatores
962 540 1083 625 publice
1105 559 1247 605 caussam
1270 539 1400 618 dicturi,

161 645 184 709 ii
207 646 272 741 hoc·
287 644 478 723 potissimum
501 632 683 729 argumente
705 646 844 728 iniquum
868 656 934 711 esse
949 643 1147 709 convincebat
1164 643 1195 707 in
1211 644 1401 709 christianos

162 748 567 835 animadverterelcgibqs,
591 750 670 833 quod
693 750 724 813 in
749 750 846 815 oculis
868 749 1003 814 omnium
1027 748 1241 813 convenienter
1262 748 1399 831 legibus,

161 852 241 935 quod
270 853 303 915 in
334 852 431 916 oculis
460 852 597 917 omnium
618 853 832 919 convenienter
854 852 974 935 legibus
997 852 1028 915 in
1053 851 1225 933 exemplum
1246 848 1399 916 viverent.

162 957 303 1020 Marcum
325 956 484 1021 Aurelium
505 956 677 1022 Antonium
700 958 731 1021 et
754 956 883 1020 Lucium
900 955 1063 1019 Aurelium
1079 953 1281 1018 Commodum
1295 952 1401 1017 filium

162 1060 229 1143 ejus
251 1060 295 1123 sic
319 1060 531 1144 Athenagoras
552 1060 739 1125 confidenter
763 1060 992 1144 alloquebatur:
1016 1057 1131 1125 Sicilia
1151 1078 1216 1134 awa,
1238 1059 1292 1140 qai
1314 1056 1403 1121 ailad

161 1164 241 1228 cccli
257 1170 433 1245 patramus,
456 1164 550 1229 immo
571 1164 708 1229 omnium
732 1214 738 1227 .
765 1214 771 1226 .
798 1213 804 1226 .
824 1164 970 1244 piissime
985 1146 1221 1245 justissimeque
1236 1181 1306 1226 eum
1322 1182 1402 1243 erpo

162 1268 283 1346 Deam,
314 1270 386 1351 jam
419 1290 494 1354 erpa
512 1270 680 1351 imperium
699 1275 836 1335 aestuem
857 1288 914 1333 aas
932 1268 1088 1352 perimas,
1112 1266 1287 1349 eeapimri,
1309 1266 1399 1345 rapi,
1530 1277 1535 1290 ·

160 1374 270 1455 fopcri
291 1370 413 1456 (negat
438 1392 491 1455 pro
515 1370 725 1457 Christianis).
765 1372 838 1435 Pari
862 1370 951 1435 modo
971 1370 1182 1435 Tertullianus
1202 1367 1288 1432 laudi
1312 1366 1400 1430 ebri-

162 1476 271 1541 stianis
294 1478 398 1559 aperte
422 1476 525 1554 dabat,
551 1476 630 1560 quod
653 1476 745 1540 amici
768 1477 870 1539 essent
894 1473 1025 1557 Imperio
1048 1472 1157 1556 optimi
1179 1474 1211 1537 et
1230 1470 1401 1536 certissimi

162 1600 197 1644 ex
213 1580 371 1645 omnibus:
397 1580 596 1647 Christianus
617 1581 799 1646 molliusest
812 1580 919 1656 boalia
941 1579 1056 1644 adum
1072 1577 1288 1659 Imperatoris,
1307 1596 1401 1657 quem

161 1684 264 1749 scieas
284 1707 305 1748 c
326 1684 394 1749 Deo
416 1704 472 1749 suo
495 1684 653 1762 constitui,
675 1705 797 1750 neeesse
817 1690 864 1749 eal
881 1689 915 1747 at
930 1684 1032 1764 ipsum
1047 1682 1161 1765 diligat
1175 1686 1203 1746 et
1217 1684 1402 1745 revereatur

163 1792 190 1853 et
211 1787 339 1852 belzora
360 1793 389 1853 et
410 1788 531 1853 soleam
554 1787 626 1853 velit
646 1808 716 1853 eum
739 1794 799 1853 toto
819 1807 947 1853 rontano
969 1787 1101 1868 imperio
1124 1784 1265 1867 (apolog.
1283 1803 1312 1846 ιι.
1329 1782 1399 1864 35).

162 1891 270 1972 Neque
293 1890 458 1955 dubitabat
481 1890 645 1968 affirmare,
670 1891 702 1953 in
725 1890 846 1973 imperii
867 1890 979 1979 finibus
1002 1890 1089 1953 tanto
1112 1887 1213 1971 magis
1234 1904 1399 1949 numerum

164 1992 260 2055 minui
284 1991 477 2057 inimicorum
502 1994 704 2072 consuevisse,
724 1995 839 2077 quanto
862 1997 1011 2057 cresceret
1028 1990 1276 2056 christianorum.
1305 1988 1402 2053 Naue

157 2097 325 2177 pauciores
346 2096 446 2161 hesim
467 2098 587 2165 babeas
602 2118 686 2179 prce
707 2098 904 2163 multitudine
930 2096 1193 2171 ebriationem,
1222 2112 1304 2174 pene
1331 2111 1401 2155 om·

163 2201 253 2265 nium
275 2200 435 2266 civitatum
452 2222 531 2283 pene
551 2222 655 2268 omues
672 2205 752 2271 cloes
769 2201 958 2267 carmanos
971 2200 1111 2266 babendo
1128 2196 1272 2283 (Apolog.
1288 2217 1317 2260 n.
1328 2193 1400 2280 37).

164 2304 359 2368 Praeclarum
388 2306 435 2369 est
463 2324 583 2389 quoque
610 2305 647 2371 do
676 2306 783 2371 eadem
813 2324 845 2369 re
875 2302 1088 2390 testimouium
1119 2301 1150 2365 in
1181 2300 1327 2383 Epistola
1354 2299 1402 2364 ad

100 2480 102 2489 ,
164 2408 360 2493 Diognetum,
381 2429 460 2492 quae
482 2410 653 2488 confirmat,
676 2410 783 2477 solitos
805 2428 840 2475 eo
860 2410 995 2491 tempore
1018 2406 1202 2472 christianos
1226 2405 1320 2468 luisse
1337 2422 1400 2467 non

153 2496 262 2578 'solum
285 2513 432 2578 inservire
454 2514 586 2599 legibue,
610 2514 662 2579 sod
686 2516 716 2577 in
739 2514 822 2578 omni
844 2512 945 2577 cilicio
964 2512 1035 2595 plus
1057 2510 1152 2576 etiam
1175 2527 1211 2573 ao
1229 2507 1398 2613 perfectius

164 2622 349 2701 susspecta
373 2618 480 2695 lacere,
504 2636 596 2707 quam
619 2619 802 2700 cogerentur
824 2617 923 2681 facere
946 2616 1077 2699 legibus.
1113 2613 1290 2680 Obriotraai
1312 2612 1399 2677 obse·

164 2730 300 2808 quantur
322 2723 440 2806 lepidus
461 2742 540 2805 quae
559 2724 699 2787 senecae
720 2728 811 2800 sunl,
842 2726 872 2787 et
899 2741 976 2787 suae
1001 2720 1083 2785 uitae
1101 2738 1213 2802 penore
1235 2717 1315 2800 lepos
1338 2736 1399 2781 aa·

158 2832 286 2909 percat.

269 2928 340 2994 Alia
362 2948 435 2995 sane
456 2931 525 2994 tum
547 2946 640 2994 eausa
662 2930 745 3006 erat,
769 2947 839 2993 eum
861 2948 879 2993 a
901 2910 1167 3006 fido'ourisaiana,
1201 2926 1257 2990 aut
1278 2942 1407 3018 quoquo

165 3033 255 3099 modo
278 3035 316 3099 ab
338 3034 438 3100 officio
466 3034 594 3099 deficere
627 3034 851 3116 Imperatorum
885 3034 994 3100 edictis
1027 3053 1063 3099 ae
1095 3032 1276 3098 Praetorem
1306 3028 1404 3094 minis

162 3137 360 3220 juberentur:
394 3138 505 3221 quibus
538 3138 727 3223 temporibus
759 3138 896 3221 profecto
927 3137 1089 3222 displicere
1108 3135 1283 3201 homiuibus
1305 3152 1403 3217 quam
1442 3195 1447 3215 ,
1540 3149 1541 3188 ι

165 3243 229 3307 Deo
252 3241 440 3309 maluerunt?
482 3242 541 3309 Sed
564 3243 658 3307 iniis
680 3242 754 3326 ipsis
777 3262 879 3308 rerum
902 3242 1057 3327 adjunctis
1085 3242 1209 3307 tantum
1236 3238 1342 3304 aberet
1364 3241 1403 3301 ut

159 3345 330 3428 quiequam
353 3346 495 3411 seditiose
510 3346 645 3412 lacerent
661 3347 893 3431 majestatemve
908 3345 1137 3430 imperatoriam
1157 3340 1401 3418 contemnerent,

165 3450 202 3513 ut
226 3446 281 3513 hoo
304 3466 398 3512 uuum
418 3448 477 3513 sibi
501 3451 665 3529 sumerent,
690 3469 756 3515 sese
775 3449 924 3533 profiteri,
946 3452 978 3515 et
993 3448 1177 3514 christianos
1191 3465 1257 3513 esse
1272 3446 1305 3510 et
1319 3443 1401 3509 nolle

166 3552 401 3617 matarelldem
424 3552 606 3620 ullomodo.
653 3553 797 3619 (letarum
829 3553 908 3619 nihil
932 3553 970 3619 de
1002 3552 1172 3619 resistendo
1199 3549 1398 3635 cogitabant;

166 3656 219 3726 sed
242 3655 362 3739 placide
383 3658 477 3741 atque
499 3657 598 3723 hilare
620 3658 664 3723 sic
687 3656 774 3723 ibant
797 3658 836 3723 ad
857 3657 983 3723 tortoris
1003 3657 1187 3741 equuleum,
1216 3657 1253 3719 ut
1274 3651 1399 3737 magni·

165 3759 266 3825 tudini
301 3761 395 3825 animi
429 3762 620 3827 cruciatuum
655 3762 837 3847 magnitudo
860 3762 1048 3828 concederet.
1072 3798 1114 3808 -
1135 3761 1244 3843 Neque
1262 3757 1402 3823 absimili

166 3866 284 3931 ratione
314 3886 368 3949 per
396 3866 505 3932 eadem
534 3868 672 3951 tempora
694 3867 932 3934 christianorum
955 3867 1000 3933 vis
1021 3866 1237 3932 institutorum
1258 3864 1402 3947 spectata

166 3971 213 4034 est
235 3969 268 4031 iu
291 3970 413 4037 militia.
458 3970 535 4036 Erat
564 3970 645 4037 enim
673 3971 785 4037 militis
818 3971 980 4037 christiani
1008 3988 1162 4037 summam
1183 3966 1401 4041 fortitudinem

166 4092 235 4137 eum
257 4092 376 4139 summo
398 4074 503 4141 studio
525 4075 708 4161 conjungere
731 4076 912 4160 disciplinae
934 4074 1099 4141 militaris:
1125 4073 1280 4157 animique
1301 4070 1401 4136 excel·

165 4178 291 4241 sitalem
322 4177 484 4243 immobili
507 4197 581 4271 erga
612 4180 782 4263 principem
816 4179 876 4245 lide
909 4180 1075 4247 cumulare.
1120 4177 1258 4261 Quodsi
1281 4173 1401 4259 aliquid

165 4282 326 4363 rogaretur
347 4281 428 4364 quod
450 4301 508 4349 non
531 4285 613 4349 esset
635 4270 809 4363 horreatum,
836 4285 883 4350 uti
906 4284 970 4349 Dei
983 4284 1054 4369 jura
1076 4283 1199 4361 violare,
1222 4281 1277 4347 aut
1290 4278 1328 4343 in
1349 4277 1401 4342 in·

164 4386 266 4451 sontes
289 4382 406 4451 Christi
427 4386 592 4471 discipulos
612 4387 727 4454 ferrum
755 4391 949 4470 convertere,
980 4376 1065 4455 tunc'
1088 4386 1213 4471 quidem
1245 4384 1402 4467 imperata

1522 885 1540 1078 ³

1526 1504 1541 2238 l

1534 3209 1542 3476 l
