3109 4859
261 81 376 158 1001110
393 94 479 157 Χ111.
499 104 593 157 conec.
612 96 649 157 de
669 93 806 157 contrua.
823 67 880 156 tut.
899 103 992 171 episc.
1008 105 1038 157 et
1054 116 1117 174 rep.
1136 101 1278 173 Amplius.
1331 78 1396 151 229

160 271 253 338 1744.
298 270 391 337 Haud
422 270 557 337 absimili
590 270 790 337 distinctione
822 270 860 336 de
886 271 962 337 locis
984 270 1044 355 piis
1066 272 1208 355 quaestio
1226 272 1395 354 dirimitur,

157 395 194 443 oa
212 374 400 457 secernendo
423 393 501 458 quse
523 376 665 458 exempta
687 376 760 440 sunt
791 393 827 439 ac
856 374 895 439 iis
927 374 1038 457 quibus
1070 377 1193 459 praeest
1228 377 1397 461 Episcopus

156 479 221 545 sive
243 478 398 545 ordinario
418 479 505 565 jure,
528 479 592 547 siro
616 480 769 565 delegato.
805 480 852 545 De
875 479 1014 563 utrisque
1036 480 1150 565 igitur,
1180 482 1249 547 tum
1272 499 1396 549 coeme-

156 583 244 650 teriis
265 584 332 651 tum
356 582 416 667 piis
435 583 525 665 locis,
553 583 743 651 sententiam
765 582 915 649 Nostram
936 583 1044 667 paucis
1066 583 1299 668 complectimur
1321 604 1395 670 pro·

156 687 358 755 nunciantes:
381 704 538 753 sacrorum
555 704 706 753 canonum
722 686 754 754 et
771 685 1028 753 constitutionum
1043 687 1292 770 Apostolicorum
1307 707 1396 773 prae·

157 792 274 877 scripta
296 810 360 859 esso
380 790 542 859 seruanda.

260 894 474 980 Superioribus
495 893 597 960 dubiis
618 896 704 960 arcto
723 882 869 981 jungitur
891 913 970 961 nexu
991 894 1071 960 illud
1092 914 1153 995 quo
1175 897 1337 980 quaeritur
1358 916 1397 963 au

143 996 319 1085 —lipisoopis
338 998 464 1068 subesse
486 998 619 1065 debeant
641 998 764 1066 scholae
777 1018 957 1083 pauperum,
980 1017 1061 1084 quae
1075 994 1275 1067 sicambros
1290 1002 1398 1081 otiam,

153 1106 348 1187 primariae,
374 1124 546 1187 1100000110
570 1105 804 1188 nuncupantem
835 1105 884 1169 cst
908 1102 992 1169 enim
1015 1104 1246 1171 sanctissimum
1270 1106 1399 1173 docendi

158 1208 384 1287 ministerium,
405 1210 438 1275 et
459 1208 630 1293 proximum
651 1209 711 1293 piis
732 1208 809 1275 locis
831 1207 971 1273 ordinem
992 1210 1102 1275 tenent
1121 1209 1246 1275 scholae
1269 1210 1307 1276 de
1329 1210 1398 1294 qui·

157 1312 217 1379 bus
243 1311 404 1397 agendum
420 1314 477 1381 cst.
513 1299 586 1395 Quo*
601 1311 675 1377 illae
697 1311 873 1395 pertineant
894 1312 1018 1395 exipso
1040 1312 1164 1377 nomine
1187 1313 1399 1397 dignoscitur,
1446 1375 1449 1382 ,

158 1416 326 1482 intendunt
347 1416 494 1481 nimirum
517 1415 557 1480 ad
580 1414 729 1499 puerilem
754 1416 889 1480 eetamm
910 1414 1019 1499 primis
1042 1415 1218 1481 litterarum
1237 1417 1399 1483 clementis

158 1518 327 1604 primisque
349 1520 422 1585 fidei
441 1519 643 1597 veritatibus,
667 1537 703 1584 ac
725 1537 846 1583 morum
867 1518 1038 1603 praeceptis
1060 1521 1132 1603 apte
1154 1520 1398 1585 instituendam:

158 1641 237 1705 quae
259 1623 382 1707 quidem
402 1624 560 1690 inst‘tutio
583 1622 725 1689 omnibus
748 1624 797 1718 est
818 1621 1022 1708 temporibus,
1047 1624 1124 1689 locis
1143 1625 1175 1689 ot
1198 1624 1281 1689 uitae
1300 1642 1397 1707 geue·

159 1726 246 1791 ribus
268 1728 457 1808 necessaria,
489 1747 525 1793 ac
548 1728 683 1793 multum
706 1727 800 1793 habet
822 1728 972 1793 momenti
993 1726 1036 1818 ud
1058 1728 1219 1793 uniuersae
1242 1728 1400 1793 societatis

160 1832 329 1911 humanae,
365 1832 479 1898 nedum
512 1832 704 1916 singulorum
739 1830 900 1897 hominum
922 1830 1186 1908 incolumitatem
1220 1850 1257 1895 ex
1288 1819 1400 1915 puerili

161 1935 243 2000 enirn
266 1934 462 2001 institutione
484 1934 607 2019 pendet,
630 1934 867 2018 utplurimum,
890 1954 952 2019 qua
972 1936 1041 2019 quis
1063 1935 1183 2001 ratione
1206 1935 1249 2000 sit
1264 1936 1401 2020 reliquae
1530 2015 1535 2020 ¹

133 2094 137 2105 .
161 2038 275 2107 aetatis
297 2038 432 2123 spatium
457 2040 593 2117 acturus.
626 2039 736 2121 Itaque
756 2037 832 2122 quid
855 2038 1078 2103 edocentibus
1101 2056 1136 2103 eo
1159 2037 1218 2104 loci
1239 2040 1401 2123 praecipue

162 2142 380 2226 praestandum
404 2144 463 2222 sit,
485 2144 644 2226 sapienter
668 2143 744 2207 Pius
766 2142 822 2209 IX.
846 2141 1037 2225 significarit
1058 2142 1214 2221 scribens,
1240 2143 1296 2208 »In
1319 2143 1402 2208 hisce
1430 2183 1434 2187 -
1471 2140 1480 2148 “

165 2246 380 2330 »potissimum
395 2245 509 2312 scholis
525 2246 625 2311 omnis
640 2245 789 2329 cujusque
805 2245 822 2310 e
837 2246 949 2329 populo
963 2246 1072 2320 classis
1087 2245 1174 2328 pueri
1189 2245 1239 2310 vel
1254 2264 1273 2311 a
1286 2247 1402 2317 teneris

164 2350 272 2415 »aunis
301 2349 516 2416 sanctissimae
546 2351 670 2415 nostrae
699 2347 860 2433 religionis
893 2347 1051 2433 mysteriis
1078 2366 1114 2411 ae
1135 2349 1403 2433 praeceptionibus

165 2454 291 2520 »scdulo
312 2455 385 2519 sunt
407 2452 568 2518 erudiendi
591 2454 624 2518 et
646 2451 684 2516 ud
708 2452 855 2535 pietatem
877 2470 1058 2534 morumque
1080 2452 1284 2532 honestatem,
1308 2453 1341 2516 et
1362 2451 1402 2517 ud
1519 2452 1521 2459 “

165 2557 365 2641 »religionem
389 2557 572 2639 civilemque
596 2555 717 2623 uiuendi
739 2556 893 2621 rationem
916 2557 1059 2638 accurate
1074 2554 1239 2635 iormuudi,
1262 2558 1356 2639 atque
1371 2556 1404 2621 in

166 2660 294 2725 »iisdem
323 2660 437 2726 scholis
466 2660 613 2744 religiosa
643 2660 827 2744 praesertim
861 2660 1002 2730 doctriua
1024 2660 1072 2725 itu
1094 2660 1277 2744 primarium
1298 2660 1329 2724 iu
1352 2661 1402 2724 iu-

166 2754 348 2831 ›stitutioue
370 2766 402 2829 ct
422 2764 604 2830 educatione
624 2765 724 2829 locum
744 2763 860 2829 habere
875 2783 911 2830 ac
925 2764 1077 2829 dominari
1093 2765 1196 2841 debet,
1220 2764 1258 2829 ut
1271 2764 1403 2829 aliorum

166 2868 386 2952 »cognitiones
408 2868 519 2951 quibus
536 2868 683 2951 juventus
708 2868 751 2933 ibi
766 2867 927 2948 imbuitur,
952 2867 1143 2934 adventitiae
1165 2871 1335 2953 appareant
1347 2868 1420 2952 ¹).«‘

168 3008 202 3019 -
228 2971 327 3036 Nemo
349 2971 457 3035 exhinc
479 2989 539 3035 nou
561 2970 712 3055 intelligit
733 2970 829 3036 istam
847 2989 1011 3054 puerorum
1034 2972 1263 3037 iustitutionem
1283 2972 1315 3036 in
1330 2972 1406 3055 lipi-

164 3094 324 3159 scoperum
346 3073 544 3139 officiis‘esse
566 3074 757 3157 ponendam,
780 3076 812 3141 et
834 3074 973 3153 scholas,
997 3074 1169 3158 dequibus
1191 3076 1313 3159 agitur,
1339 3077 1405 3140 tam

163 3181 195 3245 in
218 3178 345 3244 urbibus
364 3177 632 3261 frequentissimis,
654 3196 747 3261 quam
763 3177 794 3241 iu
809 3178 898 3263 pagis
907 3174 1032 3261 'exiguis
1047 3177 1129 3243 iuter
1144 3195 1237 3261 opera
1251 3177 1402 3243 contineri

164 3302 242 3368 quae
262 3283 301 3349 ad
324 3302 389 3347 rem
412 3266 625 3349 dioecesanam
648 3281 781 3349 maxime
803 3280 969 3364 pertinent.

269 3386 397 3469 Insuper
429 3385 510 3469 quod
544 3384 625 3449 ratio
658 3384 769 3448 suadet
804 3383 856 3447 lux
886 3384 1035 3449 historiae
1058 3383 1230 3452 confirmat.
1276 3385 1405 3451 Nullum

165 3490 278 3573 quippe
309 3489 369 3555 fuit
395 3490 518 3573 tempus
540 3506 601 3571 quo
623 3487 790 3571 singularis
812 3505 872 3551 nou
895 3487 1027 3578 eluxerit
1040 3487 1255 3555 'Consiliorum
1279 3508 1352 3554 curu
1375 3490 1407 3553 in

166 3593 342 3677 hujusmodi
365 3593 479 3659 scholis
499 3591 678 3658 ordinandis
701 3610 738 3657 ac
755 3591 896 3670 tuendis,
927 3611 982 3675 pro
1004 3593 1115 3677 quibus
1139 3594 1228 3677 plura
1251 3593 1406 3677 sapienter

166 3696 402 3763 constituerunt.
448 3697 562 3762 Eorum
593 3714 701 3779 nempe
728 3695 861 3761 decretis
891 3698 1087 3780 prospectum
1112 3698 1160 3762 est
1183 3698 1219 3761 ut
1237 3696 1310 3763 illas
1332 3696 1407 3779 lipi-

166 3801 251 3885 scopi
273 3802 305 3866 in
327 3800 448 3885 oppidis
470 3802 502 3866 et
523 3800 613 3885 pagis
634 3799 760 3867 restitui
782 3802 816 3865 01
837 3801 944 3885 augeri
968 3802 1112 3867 curarent
1123 3804 1166 3883 ²),
1198 3800 1345 3883 puerique
1367 3800 1408 3866 ud

168 3903 346 3970 discendum
369 3904 617 3985 admitterentur,
642 3903 794 3987 qualibet,
815 3904 843 3968 si
857 3903 925 3969 fieri
941 3905 1053 3987 posset,
1076 3902 1216 3987 impense
1230 3902 1359 3969 remissa
1368 3904 1406 3989 8).

272 4097 298 4161 1)
317 4096 403 4167 Epist.
422 4094 456 4153 ad
473 4094 599 4166 Archiep.
617 4094 744 4166 Friburg.
769 4096 846 4152 Oum
864 4111 929 4151 aon
947 4098 1015 4151 stne
1033 4096 1173 4152 mua-ima
1194 4094 1236 4149 14.
1255 4093 1410 4173 1111111864

170 4186 248 4241 Λεία
266 4184 416 4341 1111ἲ1101.
434 4269 457 4325 Ι.
475 4266 636 4325 Prouincial
646 4266 781 4324 demerso.
793 4266 840 4323 tit.
856 4270 892 4323 de
907 4269 1020 4324 sobolis
1032 4282 1090 4336 cup.
1100 4267 1123 4323 l.
1137 4296 1169 4307 -
1180 4265 1407 4340 Synodproriuo.

169 4356 297 4413 Mechlin.
314 4357 361 4412 tit.
378 4359 415 4413 de
432 4358 544 4414 schotto
561 4372 619 4425 cap.
638 4354 664 4409 1.
763 4388 766 4395 -

273 4444 301 4513 3)
322 4442 419 4515 Synod.
437 4442 597 4500 Namurcen.
615 4458 659 4498 uu.
679 4440 852 4499 16041112.
871 4457 928 4511 cop.
948 4440 972 4496 1.
